


	Légumes | Bois d'Arcy | E.Leclerc DRIVE
onStart(function(){window.lstConfAjax = {"RecupererInformationsPaniers":{"type":5,"method":"POST","url":"https://fd4-courses.leclercdrive.fr/magasin-127811/panier.aspx?op=12"},"ModifierQuantiteCommandee":{"type":5,"method":"POST","url":"https://fd4-courses.leclercdrive.fr/magasin-127811/panier.aspx?op=1"},"AjouterLotHomogene":{"type":5,"method":"POST","url":"https://fd4-courses.leclercdrive.fr/magasin-127811/panier.aspx?op=2"},"ComposerLotHeterogene":{"type":5,"method":"POST","url":"https://fd4-courses.leclercdrive.fr/magasin-127811/composer-lot-heterogene.aspx"},"RecupererProduitsSubstitutions":{"type":5,"method":"POST","url":"https://fd4-courses.leclercdrive.fr/magasin-127811/popin-substitution.aspx"},"RecupererTradeGeneriqueAjax":{"type":5,"method":"POST","url":"https://fd4-courses.leclercdrive.fr/magasin-127811/tradestoretail"},"ViderPanier":{"type":5,"method":"POST","url":"https://fd4-courses.leclercdrive.fr/magasin-127811/panier.aspx?op=3"},"EnregistrerRetraitPanierApprox":{"type":5,"method":"POST","url":"https://fd4-courses.leclercdrive.fr/magasin-127811/panier.aspx?op=7"},"SaisirDateRetrait":{"type":5,"method":"POST","url":"https://fd4-courses.leclercdrive.fr/magasin-127811/saisir-date-retrait.aspx"},"ChangerDateRetrait":{"type":5,"method":"POST","url":"https://fd4-courses.leclercdrive.fr/magasin-127811/panier.aspx?op=11"}}; window.lstTemplates = {"templateRayonBandeauRayon":{"sUrl":"/_res/release/_html/main.html?v=636906722701080775"},"templateFamilleBandeauRayon":{"sUrl":"/_res/release/_html/main.html?v=636906722701080775"},"templateSousFamilleBandeauRayon":{"sUrl":"/_res/release/_html/main.html?v=636906722701080775"},"templateOffresSpecialesBandeauRayon":{"sUrl":"/_res/release/_html/main.html?v=636906722701080775"},"templateNouveautesBandeauRayon":{"sUrl":"/_res/release/_html/main.html?v=636906722701080775"},"templateBlocFiltre":{"sUrl":"/_res/release/_html/aux1.html?v=636906722702150882"},"templateValeurFiltre":{"sUrl":"/_res/release/_html/aux1.html?v=636906722702150882"},"templateFiltresActifs":{"sUrl":"/_res/release/_html/aux1.html?v=636906722702150882"},"templateLigneFiltreActif":{"sUrl":"/_res/release/_html/aux1.html?v=636906722702150882"},"templateTri":{"sUrl":"/_res/release/_html/aux1.html?v=636906722702150882"},"templateVignetteDisponible":{"sUrl":"/_res/release/_html/main.html?v=636906722701080775"},"templateVignetteBientotDisponible":{"sUrl":"/_res/release/_html/main.html?v=636906722701080775"},"templateVignetteDisponibleApartir":{"sUrl":"/_res/release/_html/main.html?v=636906722701080775"},"templateVignetteDisponibleJusque":{"sUrl":"/_res/release/_html/main.html?v=636906722701080775"},"templateVignetteArrete":{"sUrl":"/_res/release/_html/main.html?v=636906722701080775"},"templateVignetteVide":{"sUrl":"/_res/release/_html/main.html?v=636906722701080775"},"templateBarreOutilsVignettes":{"sUrl":"/_res/release/_html/main.html?v=636906722701080775"},"templateRecetteFlash":{"sUrl":"/_res/release/_html/main.html?v=636906722701080775"},"templateRecetteImage":{"sUrl":"/_res/release/_html/main.html?v=636906722701080775"},"templateOperationTG":{"sUrl":"/_res/release/_html/main.html?v=636906722701080775"},"templateTradeGeneriqueSTO":{"sUrl":"/_res/release/_html/main.html?v=636906722701080775"},"templateVignetteCrossUp":{"sUrl":"/_res/release/_html/aux1.html?v=636906722702150882"},"templatePlusUnMoinsUn":{"sUrl":"/_res/release/_html/main.html?v=636906722701080775"},"templateAComposer":{"sUrl":"/_res/release/_html/main.html?v=636906722701080775"},"templatePopinConfirmation":{"sUrl":"/_res/release/_html/main.html?v=636906722701080775"},"templateOutilAjouterAListe":{"sUrl":"/_res/release/_html/main.html?v=636906722701080775"},"templateOutilSuppressionProduitHabituel":{"sUrl":"/_res/release/_html/main.html?v=636906722701080775"},"templateOutilVoirRayon":{"sUrl":"/_res/release/_html/main.html?v=636906722701080775"},"templateEnveloppeToolTip":{"sUrl":"/_res/release/_html/main.html?v=636906722701080775"},"templateEnveloppeToolTipSticker":{"sUrl":"/_res/release/_html/main.html?v=636906722701080775"},"templateTooltipEcoParticpation":{"sUrl":"/_res/release/_html/main.html?v=636906722701080775"},"templateTooltipAcheterUnLot":{"sUrl":"/_res/release/_html/main.html?v=636906722701080775"},"templateTooltipComposerUnLot":{"sUrl":"/_res/release/_html/main.html?v=636906722701080775"},"templateTooltipQteMax":{"sUrl":"/_res/release/_html/main.html?v=636906722701080775"},"templateTooltipQteMaxPanier":{"sUrl":"/_res/release/_html/main.html?v=636906722701080775"},"templateToolTipStickerTexte":{"sUrl":"/_res/release/_html/main.html?v=636906722701080775"},"templateToolTipStickerImage":{"sUrl":"/_res/release/_html/main.html?v=636906722701080775"},"templateTooltipOrigine":{"sUrl":"/_res/release/_html/main.html?v=636906722701080775"},"templateEntetePopinSubstitution":{"sUrl":"/_res/release/_html/Substitution/tplWCRS055_EntetePopin.html?v=636903342020000000"},"templateCorpsPopinSubstitution":{"sUrl":"/_res/release/_html/Substitution/tplWCRS056_CorpsPopin.html?v=636903342020000000"},"templateProduitsIndispoPopinSubstitution":{"sUrl":"/_res/release/_html/Substitution/tplWCRS057_ProduitIndispo.html?v=636903342020000000"},"templateVignetteSubstitution":{"sUrl":"/_res/release/_html/aux2.html?v=636906722702380905"},"templateOutilSuggererProduit":{"sUrl":"/_res/release/_html/main.html?v=636906722701080775"},"templateRayon":{"sUrl":"/_res/release/_html/main.html?v=636906722701080775"},"templateRayonUnique":{"sUrl":"/_res/release/_html/main.html?v=636906722701080775"},"templateRayonVide":{"sUrl":"/_res/release/_html/main.html?v=636906722701080775"},"templateZonesStickerVignette":{"sUrl":"/_res/release/_html/main.html?v=636906722701080775"},"templateZonesStickerVignetteGenerique":{"sUrl":"/_res/release/_html/ListeProduits/tplWCRS071_ZonesStickerVignetteGenerique.html?v=636903342020000000"},"templateZonesStickerVignetteCrossUp":{"sUrl":"/_res/release/_html/main.html?v=636906722701080775"},"templateZonesStickerVignetteTG":{"sUrl":"/_res/release/_html/main.html?v=636906722701080775"},"templatePopinLimiteLiquide":{"sUrl":"/_res/release/_html/main.html?v=636906722701080775"},"headerPopin":{"sUrl":"/_res/release/_html/aux1.html?v=636906722702150882"},"headerPopinCounter":{"sUrl":"/_res/release/_html/aux1.html?v=636906722702150882"},"templateEnteteCartouchePanier":{"sUrl":"/_res/release/_html/main.html?v=636906722701080775"},"templateCartouchePanier":{"sUrl":"/_res/release/_html/main.html?v=636906722701080775"},"templatePanier":{"sUrl":"/_res/release/_html/main.html?v=636906722701080775"},"templateCartouchePanierLigneArticle":{"sUrl":"/_res/release/_html/main.html?v=636906722701080775"},"templateCartouchePanierLigneArticleMenu":{"sUrl":"/_res/release/_html/main.html?v=636906722701080775"},"templateCartouchePanierLigneArticleIndispo":{"sUrl":"/_res/release/_html/main.html?v=636906722701080775"},"templateCartouchePanierPlusUnMoinsUn":{"sUrl":"/_res/release/_html/main.html?v=636906722701080775"},"templateCartouchePanierAComposer":{"sUrl":"/_res/release/_html/main.html?v=636906722701080775"},"templateCartouchePanierBriiUnitaire":{"sUrl":"/_res/release/_html/main.html?v=636906722701080775"},"templateCartouchePanierBriiHomo":{"sUrl":"/_res/release/_html/main.html?v=636906722701080775"},"templateCartouchePanierBriiHetero":{"sUrl":"/_res/release/_html/main.html?v=636906722701080775"},"templateCartouchePanierLigneBRD":{"sUrl":"/_res/release/_html/main.html?v=636906722701080775"},"templatePopinViderPanier":{"sUrl":"/_res/release/_html/main.html?v=636906722701080775"},"templatePopinSupprimerProduit":{"sUrl":"/_res/release/_html/main.html?v=636906722701080775"},"templatePopinStockRisque":{"sUrl":"/_res/release/_html/main.html?v=636906722701080775"},"templatePopinStockInsuffisant":{"sUrl":"/_res/release/_html/main.html?v=636906722701080775"},"templateSaisieDateRetraitMois":{"sUrl":"/_res/release/_html/GestionDateRetrait/tplWCRS385_SaisieDateRetrait.html?v=636903342020000000"},"templateSaisieDateRetraitMoisContenu":{"sUrl":"/_res/release/_html/GestionDateRetrait/tplWCRS385_SaisieDateRetrait.html?v=636903342020000000"},"templateSaisieDateRetraitSemaine":{"sUrl":"/_res/release/_html/GestionDateRetrait/tplWCRS385_SaisieDateRetrait.html?v=636903342020000000"},"templateSaisieDateRetraitJourVide":{"sUrl":"/_res/release/_html/GestionDateRetrait/tplWCRS385_SaisieDateRetrait.html?v=636903342020000000"},"templateSaisieDateRetraitJour":{"sUrl":"/_res/release/_html/GestionDateRetrait/tplWCRS385_SaisieDateRetrait.html?v=636903342020000000"},"templateToolpinMemo":{"sUrl":"/_res/release/_html/main.html?v=636906722701080775"},"templateLigneMemoLectureSeule":{"sUrl":"/_res/release/_html/main.html?v=636906722701080775"},"templateLigneMemoEdition":{"sUrl":"/_res/release/_html/main.html?v=636906722701080775"},"templateLigneMemoLectureEcriture":{"sUrl":"/_res/release/_html/main.html?v=636906722701080775"},"templateToolpinMemoHeader":{"sUrl":"/_res/release/_html/main.html?v=636906722701080775"},"templateToolpinMemoFooter":{"sUrl":"/_res/release/_html/main.html?v=636906722701080775"}}; }());






//<![CDATA[
var theForm = document.forms['aspnetForm'];
if (!theForm) {
    theForm = document.aspnetForm;
}
function __doPostBack(eventTarget, eventArgument) {
    if (!theForm.onsubmit || (theForm.onsubmit() != false)) {
        theForm.__EVENTTARGET.value = eventTarget;
        theForm.__EVENTARGUMENT.value = eventArgument;
        theForm.submit();
    }
}
//]]>















//<![CDATA[

Utilitaires.Ressources.text({Page : {"WCTD224_TagetAsync":"ctl00$ctl00$asyncPopinManager","DOMAIN":"leclercdrive.fr","PARAM_URL_EST_CONNECTE":"https://fd4-secure.leclercdrive.fr/drive/estconnecte.ashz"},ascWPAD338_PointRetrait : {"PARAM_URL_TEMPLATE1_1":"/_res/release/_html/tplWPAD338_ChangementUniversEntete.html?v=636825405760000000","PARAM_URL_TEMPLATE1_2":"/_res/release/_html/tplWPAD338_ChangementUniversLigne.html?v=636825405760000000","PARAM_URL_TEMPLATE2_1":"/_res/release/_html/tplWPAD338_FicheEntete.html?v=636825405760000000","PARAM_URL_TEMPLATE2_2":"/_res/release/_html/tplWPAD338_FicheLigne.html?v=636825405760000000","PARAM_URL_TEMPLATE3_1":"/_res/release/_html/tplWPAD338_InfosEntete.html?v=636825405760000000","PARAM_URL_TEMPLATE3_2":"/_res/release/_html/tplWPAD338_InfosLigne.html?v=636825405760000000","PARAM_URL_TEMPLATE4_1":"/_res/release/_html/tplWPAD338_AnnuaireEntete.html?v=636825405760000000","PARAM_URL_TEMPLATE4_2":"/_res/release/_html/tplWPAD338_AnnuaireLigne.html?v=636864489280000000","PARAM_URL_TEMPLATE5_1":"/_res/release/_html/tplWPAD338_SelectionEntete.html?v=636825405760000000","PARAM_URL_TEMPLATE5_2":"/_res/release/_html/tplWPAD338_SelectionLigne.html?v=636825405760000000","PARAM_URL_TEMPLATE7_1":"/_res/release/_html/tplWPAD338_SelectionMultiServicesEntete.html?v=636825405760000000","PARAM_URL_TEMPLATE7_2":"/_res/release/_html/tplWPAD338_SelectionMultiServicesLigne.html?v=636825405760000000","PARAM_URL_TEMPLATE8_1":"/_res/release/_html/tplWPAD338_SelectionMultiPLEntete.html?v=636825405760000000","PARAM_URL_TEMPLATE8_2":"/_res/release/_html/tplWPAD338_SelectionMultiPLLigne.html?v=636825405760000000","PARAM_URL_TEMPLATE6":"/_res/release/_html/tplWPAD338_Clusters.html?v=636825405760000000","PARAM_UNIVERS":"iDRIVE","PARAM_MARQUE":"iDRIVE","PARAM_VUE_COURANTE":"iCOURSES_RAYON","PARAM_URL_WEBAPI_RECUP_PR":"https://api-pointsretrait.leclercdrive.fr/API_PointsRetrait/ApiPointsRetrait","PARAM_URL_WEBAPI_SEO":"https://api-seo.leclercdrive.fr/API_SEO/ApiSEO","PARAM_EST_CONNECTE":"False"},ascWPAD348_EngagementsDrive : {"PARAM_URL_HANDLER_RECUP_CONTENU":"https://fd4-courses.leclercdrive.fr/recuperercontenustatic.ashz"},ascWCSD346_BasculeDesktopMobile : {"PARAM_DOMAIN":"leclercdrive.fr","PARAM_FCT_MOBILE":"True","PARAM_FCT_REDIRECTION":"True","PARAM_URL_MAINTENANCE":null},ascWTRK301_MarqueurAT : {"PARAM_URL_EST_CONNECTE":"https://fd4-secure.leclercdrive.fr/drive/estconnecte.ashz"}});//]]>














    Vous utilisez une version trop ancienne de votre navigateur. Pour bénéficier d'une utilisation optimale du site www.leclercdrive.fr, nous vous conseillons de télécharger la dernière version des navigateurs suivants :
    
IE
Firefox
Chrome
Safari

Fermer








 











                            Mon mémo
 Avec « Mon mémo » n’oubliez plus rien ! Notez vos courses au fur et à mesure et lancez la recherche de tous vos produits en un clic !



                            Mémo
                        















 





            Me connecter
             



Déjà client ? Connectez-vous






                Votre login et/ou votre mot de passe est incorrect. Veuillez le(s) saisir à nouveau.
            

                Vous avez atteint le nombre maximal de tentatives de connexion autorisées. Pour retrouver l'accès à votre compte, veuillez réinitialiser votre mot de passe en cliquant ici.
            




                    Si vous disposez d'un compte E.Leclerc DRIVE ou E.Leclerc TRAITEUR, utilisez-le pour vous connecter.
                



                        Rester connecté
                    


 
                    Mot de passe oublié ?
                

                    M'identifier
                







Pas encore client ?


Créez votre compte pour passer votre commande et bénéficier des avantages E.Leclerc DRIVE.


 
Créer mon compte








 





 
                        Accéder à Mon compte
                    



 
                        Mes avoirs et bons d'achats
                    



 
                        Mes produits habituels
                    



 
                        Mes listes
                    



 
                        Mes commandes
                    









 
                Me déconnecter
            

























0.00 € 
                    Mes économies
                     


0.00 €
                    Total à payer :
		        





Pour bénéficier de tous les avantages
M'identifier
Créer mon compte








Voir le détail de mon panier
Vider le panier
Ajouter le panier dans une liste

Valider et payer





























Mes produits habituelsCommande express





























Ce produit ne peut pas être retiré sur le point de retrait que vous avez sélectionné. 
Vous devez supprimer le produit de votre panier ou sélectionner un autre point de retrait lors du choix de votre horaire de retrait.
Pour ajouter ce produit, vous devez renseigner votre date de retrait.
La disponibilité des produits peut varier selon votre date de retrait.
Pour ajouter ce produit, vous devez modifier votre date de retrait.











J
A cette date, des produits de votre panier sont indisponibles



Annuler
Choisir cette date




















haut de page















								!function (a, b, c, d, e, f) { a.ddjskey = e; a.ddoptions = f || null; var m = b.createElement(c), n = b.getElementsByTagName(c)[0]; m.async = 1, m.src = d, m.setAttribute("crossorigin", "anonymous"), n.parentNode.insertBefore(m, n) }(window, document, "script", "https://js.datadome.co/tags.js", "8FE0CF7F8AB30EC588599D8046ED0E", { ajaxListenerPath: "leclercdrive" });
							















Offres spéciales 






                                    Bio 







                                    Viandes Poissons 







                                    Fruits Légumes 







                                    Pains Pâtisseries 







                                    Frais 







                                    Surgelés 







                                    Epicerie salée 







                                    Epicerie sucrée 







                                    Boissons 







                                    Bébé 







                                    Hygiène Beauté 







                                    Entretien Nettoyage 







                                    Animalerie 







                                    Bazar Textile 














Accueil
 > 


Fruits Légumes
 > 


Légumes
 > 


Légumes
















 Affiner par
      

Rayons



                        Tous
                    



                        
                        Légumes
                    



                        
                        Salades en sachets
                    



                        
                        Herbes et Plantes aromatiques
                    









Besoin d'aide ?




Vous avez une question ?




Voir l'aide en ligne



























	<!--
	onLoadComplete(function(){
	Utilitaires.Xiti.init({
  "site1": "580163",
  "enable": true,
  "site2": "110",
  "page": "liste_produits",
  "chapitres": [
    "rp_fruits légumes",
    "légumes",
    "légumes"
  ],
  "indicateurs": [
    "[bois d'arcy]",
    "[127811]",
    "[]",
    "[]",
    "[]",
    "[]",
    "[drive]",
    "2"
  ],
  "serveurCollecte": "https://logs1187",
  "domaine": ".leclercdrive.fr",
  "definitions": "/_res/release/_js/jsWCRS005_ConfigXiti.js?v=636903342016466632",
  "scripts": [
    "/__js/release/fr/vbNETpWASPXIT/Infomil.ZCWB.WASP.Statistiques.xtcore/nomin.js?v=636777781175716438"
  ]
});});
	//-->





















                Prix E.Leclerc garantis
            



                Tickets E.Leclercà cumuler
            



                Engagementde fraîcheur
            



                Chaîne du froidmaîtrisée
            







Suivez-nous sur les réseaux sociaux































                            Rappel produit
                        

|


                            Mentions légales
                        

|


                            CGV
                        

|


                            Charte de Protection des Données Personnelles
                        

|


                            Conditions promotionnelles
                        

|


                            Suggérer un produit
                        

|


                            Formulaire de rétractation
                        

|


                            Aide en ligne
                        

|


                            Recrutement
                        









//<![CDATA[
WCSD325_Initialiser({'1':'leclercdrive.fr'},{});WCSD330_Initialiser({'1':'leclercdrive.fr'},{});Utl.ElementsPresentation.init('https://fd4-courses.leclercdrive.fr/', 'https://fd4-courses.leclercdrive.fr/magasin-127811/eltpresentation.aspx?v=636917833143360528', '{"sUrlRayonPermanentPreRemplie":"https://fd4-courses.leclercdrive.fr/magasin-127811-Bois-dArcy/rayon-*IdElement*-*LibelleElement*.aspx","sUrlSousFamillePermanentPreRemplie":"https://fd4-courses.leclercdrive.fr/magasin-127811-Bois-dArcy/rayon-*IdElementFamille*-*LibelleElementFamille*.aspx?Filtres=4-*IdElementSousFamille*","sUrlRayonOffresSpecialesPreRemplie":"https://fd4-courses.leclercdrive.fr/magasin-127811-Bois-dArcy/offres-*IdElement*-*LibelleElement*.aspx","sUrlRayonRayonBRDPreRemplie":"https://fd4-courses.leclercdrive.fr/magasin-127811-Bois-dArcy/bons-de-reduction.aspx","sUrlRayonRayonDestockagePreRemplie":"https://fd4-courses.leclercdrive.fr/magasin-127811-Bois-dArcy/offre-du-moment.aspx","sUrlImgVisuelIndisponibleBandeau":"/_res/release/_img/ascWCAD301_BandeauRayon/imgVisuelIndisponibleBandeau.jpg?v=636825405660000000","sUrlImgVisuelIndisponibleExpand":"/_res/release/_img/ascWCAD301_BandeauRayon/imgVisuelIndisponibleExpand.jpg?v=636825405660000000","sUrlImgVisuelRayonPreRemplie":"https://fd4-photos.leclercdrive.fr/image.ashx?id=**niIdPhotoBandeauAremplacer**&use=l&cat=s&typeid=i","sUrlImgVisuelFamillePreRemplie":"https://fd4-photos.leclercdrive.fr/image.ashx?id=**niIdPhotoBandeauAremplacer**&use=l&cat=s&typeid=i","sUrlImageStatiquePreRemplie":"/_res/release/_img/*sCheminFinal*?v=636825405660000000","sUrlImageNouveautesRayon":"/_res/release/_img/ascWCAD301_BandeauRayon/imgVisuelIndisponibleBandeau.jpg?v=636825405660000000","sUrlImageNouveautesFamille":"https://fd4-photos.leclercdrive.fr/image.ashx?id=1428760&use=l&cat=s&typeid=i","sUrlMesNouveautes":"https://fd4-courses.leclercdrive.fr/magasin-127811-Bois-dArcy/nouveautes.aspx","sUrlDevisTraiteur":"https://fd4-espace-client.leclercdrive.fr/traiteur/magasin-127811-Bois-dArcy/devis-traiteur.aspx"}' );var WTRK301_Eulerian_Init='1';WTRK301_InitialiserParametresImpl([{iIdImpl:10002,sNomMarqueur:"changer_retrait_commande",iS2:102},{iIdImpl:10003,sNomMarqueur:"changer_retrait_compte",iS2:101},{iIdImpl:10004,sNomMarqueur:"popin_avoir_detail",iS2:101},{iIdImpl:10005,sNomMarqueur:"popin_avoir_transfer",iS2:101},{iIdImpl:20001,sNomMarqueur:"popin_mot_de_passe_oublie",iS2:101},{iIdImpl:20002,sNomMarqueur:"validation_inscription",iS2:101},{iIdImpl:20003,sNomMarqueur:"popin_choix_magasin",iS2:9},{iIdImpl:20004,sNomMarqueur:"popin_entrer_magasin",iS2:9},{iIdImpl:20005,sNomMarqueur:"detail_magasin_courses",iS2:102},{iIdImpl:20006,sNomMarqueur:"popin_direct_magasin",iS2:9},{iIdImpl:20007,sNomMarqueur:"aide",iS2:100},{iIdImpl:20008,sNomMarqueur:"plan_d_acces",iS2:9},{iIdImpl:20009,sNomMarqueur:"creer_mon_compte",iS2:101},{iIdImpl:20010,sNomMarqueur:"je_me_preinscris",iS2:9},{iIdImpl:30001,sNomMarqueur:"ouverture_popin_sub_panier",iS2:102},{iIdImpl:30002,sNomMarqueur:"compo_lot_heterogene",iS2:102},{iIdImpl:30003,sNomMarqueur:"ajout_lot_heterogene",iS2:102},{iIdImpl:30004,sNomMarqueur:"ouverture_popin_sub_course",iS2:0},{iIdImpl:65001,sNomMarqueur:"passer_meme_commande",iS2:102},{iIdImpl:65002,sNomMarqueur:"validation_inscription",iS2:101},{iIdImpl:90001,sNomMarqueur:"erreur",iS2:104}]);WTRK301_InitialiserParametresCateg([{iNumInt:0,iCateg:1},{iNumInt:1000,iCateg:2},{iNumInt:2000,iCateg:3},{iNumInt:3101,iCateg:4},{iNumInt:3203,iCateg:5},{iNumInt:3205,iCateg:6},{iNumInt:3302,iCateg:7},{iNumInt:3304,iCateg:8},{iNumInt:3406,iCateg:9},{iNumInt:3507,iCateg:10},{iNumInt:3508,iCateg:11},{iNumInt:3509,iCateg:12},{iNumInt:10000,iCateg:13},{iNumInt:10001,iCateg:14},{iNumInt:10002,iCateg:15},{iNumInt:10003,iCateg:16},{iNumInt:10004,iCateg:17},{iNumInt:10005,iCateg:18},{iNumInt:10006,iCateg:19},{iNumInt:10007,iCateg:20},{iNumInt:10008,iCateg:21},{iNumInt:10009,iCateg:22}]);WCTD601_PageCacheCookie();onStart(function() {Utl.Log.init(false, '/PageDir/pgeWCSD002_Erreur.aspx?m=127811&l=fr-FR&u=2&s=_s_&v=2002&q=1');});WCSD314_Initialiser({},{});WCTD601.View.RaiseFirstUpdate();ActiverAnimations();Utilitaires.Etats.init('ctl00_ctl00_Et');Utilitaires.Evenements.GestionnaireClient.start();Utilitaires.widget.initOptions('ctl00_ctl00_ucWCSD001_BandeauMultiUnivers_ucWCSD001_Connexion_ctl00_pnlWCLD312_ConnexionBase',{"sUrlRedirection":null,"sUrlHandlerConnecter":"https://fd4-secure.leclercdrive.fr/drive/connecter.ashz","sUrlHandlerDeconnecter":"https://fd4-courses.leclercdrive.fr/deconnecter.ashz","sUrlStatistiques":"https://www.leclercdrive.fr/Statistiques/","iNbTentativesMax":3,"fRechargement":true,"sLocTitreDeconnexion":"Déconnexion","sLocTexteDeconnexion":"Votre demande de déconnexion a bien été prise en compte.<br />Votre panier a été sauvegardé. Vous le retrouverez automatiquement lors de votre prochaine connexion.","sValidationGroup":"WCLD312_ctl00_ctl00_ucWCSD001_BandeauMultiUnivers_ucWCSD001_Connexion_ctl00"});Utilitaires.widget.initOptions('ctl00_ctl00_ucWCSD001_BandeauMultiUnivers_ucWCSD001_Connexion_ctl01_pnlWCLD312_ConnexionBase',{"sUrlRedirection":"https://fd4-courses.leclercdrive.fr/magasin-127811-Bois-dArcy.aspx","sUrlHandlerConnecter":"https://fd4-secure.leclercdrive.fr/drive/connecter.ashz","sUrlHandlerDeconnecter":"https://fd4-courses.leclercdrive.fr/deconnecter.ashz","sUrlStatistiques":"https://www.leclercdrive.fr/Statistiques/","iNbTentativesMax":3,"fRechargement":true,"sLocTitreDeconnexion":"Déconnexion","sLocTexteDeconnexion":"Votre demande de déconnexion a bien été prise en compte.<br />Votre panier a été sauvegardé. Vous le retrouverez automatiquement lors de votre prochaine connexion.","sValidationGroup":"WCLD312_ctl00_ctl00_ucWCSD001_BandeauMultiUnivers_ucWCSD001_Connexion_ctl01"});Utilitaires.widget.initOptions('ctl00_ctl00_ucWCSD001_BandeauMultiUnivers_pnlWCSD333_BandeauMultiUnivers',{"fRappelProduit":true,"urlAideEnLigne":"javascript:void(window.open(encodeURI('https://mgt.leclercdrive.fr/drive/legal/magasin-127811-Bois-dArcy/aide-en-ligne.aspx?sSelfService=0&iIdMarque=1'), '', 'width=870,height=750,toolbars=no,scrollbars=yes,status=no,resizable=yes'));","sInfoBulleAideEnligne":"<span class='divWCSD333_Aide'><label class='infoBulle-block'>Vous avez une question ? Vous rencontrez des difficultés sur le site ?</label><span><a class=\"lnkChevronOrange2\">Voir l'aide en ligne</a></span></span>","sUrlAideEnLigne":"https://mgt.leclercdrive.fr/drive/legal/magasin-127811-Bois-dArcy/aide-en-ligne.aspx?sSelfService=0&iIdMarque=1","urlCourses":"https://fd4-courses.leclercdrive.fr/magasin-127811-Bois-dArcy.aspx","nomPL":"Bois d'Arcy","adresseLivraison":"","lstMsgPointRetrait":[],"urlAccueil":"https://www-chezmoi.leclercdrive.fr/?sIdFrom=0&sRedirect=false","objContexteMultiUnivers":{"iDRIVE":{"fUniversCourant":true,"sNoPointLivraison":"127811","eUnivers":2,"iIdGroupe":315,"fAfficher":true},"iTRAITEUR":{"fUniversCourant":false,"sNoPointLivraison":"127861","eUnivers":4,"iIdGroupe":315,"fAfficher":true}},"domain":"leclercdrive.fr","marque":1,"dateRetrait":"Aujourd'hui 11h00","sUrlCommandeExpress":"https://fd4-espace-client.leclercdrive.fr/drive/magasin-127811-Bois-dArcy/commande-express.aspx","sUrlProduitsHabituels":"https://fd4-courses.leclercdrive.fr/magasin-127811-Bois-dArcy/produits-habituels.aspx"});Utilitaires.widget.initOptions('ctl00_ctl00_mainMutiUnivers_MasterHeader_ctl01_panelFilArianne',{"txtRechercheSingulier":"résultat affiché","txtRecherchePlurier":"résultats affichés"});Utilitaires.widget.initOptions('ctl00_ctl00_mainMutiUnivers_lMarquageATHomeMagasin',{"objConfigTestABHomeMagasin":null});Utilitaires.widget.initOptions('ctl00_ctl00_mainMutiUnivers_main_ctl01_pnlBlocsFiltres',{"lstBlocsFiltres":[{"iIdBloc":2,"sLibelle":"En ce moment","fMultiSelection":true,"niNbAffichage":6,"iNbValeursMinimum":1},{"iIdBloc":1,"sLibelle":"Marques","fMultiSelection":true,"niNbAffichage":6,"iNbValeursMinimum":2},{"iIdBloc":3,"sLibelle":"Labels qualités","fMultiSelection":true,"niNbAffichage":6,"iNbValeursMinimum":1}],"lstValeursFiltres":[{"iIdBloc":1,"iIdValeur":5992,"sIdValeurUrl":"1-5992","sLibelle":"Marque Repère","fEstEnPromotion":false},{"iIdBloc":3,"iIdValeur":1,"sIdValeurUrl":"3-1","sLibelle":"Bio","fEstEnPromotion":false},{"iIdBloc":2,"iIdValeur":3,"niTypeValeur":2,"sIdValeurUrl":"2-3","sLibelle":"Les nouveautés","fEstEnPromotion":false},{"iIdBloc":2,"iIdValeur":1,"sIdValeurUrl":"2-1","sLibelle":"Les produits de saison","fEstEnPromotion":false},{"iIdBloc":1,"iIdValeur":37735,"sIdValeurUrl":"1-37735","sLibelle":"Bio Village","fEstEnPromotion":false},{"iIdBloc":1,"iIdValeur":1383,"sIdValeurUrl":"1-1383","sLibelle":"Nos régions ont du talent","fEstEnPromotion":false},{"iIdBloc":1,"iIdValeur":1895,"sIdValeurUrl":"1-1895","sLibelle":"Notre Jardin","fEstEnPromotion":false}]});Utilitaires.widget.initOptions('ctl00_ctl00_mainMutiUnivers_main_ctl03_panelTri',{"datasource":[{"iIdTri":1,"iTypeTri":1,"fDefaut":true,"sLibelle":"Tri par défaut"},{"iIdTri":2,"iTypeTri":2,"fDefaut":false,"sLibelle":"Tri par prix croissant"},{"iIdTri":3,"iTypeTri":2,"fDefaut":false,"sLibelle":"Tri par prix décroissant"},{"iIdTri":4,"iTypeTri":3,"fDefaut":false,"sLibelle":"Tri par prix / Kg, L croissant"},{"iIdTri":5,"iTypeTri":3,"fDefaut":false,"sLibelle":"Tri par prix / Kg, L décroissant"}]});Utilitaires.widget.initOptions('ctl00_ctl00_mainMutiUnivers_main_ctl05_pnlElementProduit',{"objContenu":{"lstElements":[{"objElement":{"sNoPointLivraison":"127811","iIdProduit":3812,"iIdRayon":284323,"iIdFamille":284351,"niIdSousFamille":284352,"sType":"Produit","sId":"3812","niIdPhotoEnLigne":1633040,"eIncitationLot":0,"sIdUniqueRayon":"Rayon284323","iIdElementPresentation":284352,"sLibelleLigne1":"Salade : Laitue","sLibelleLigne2":" 1 p           ","iQteDisponible":3,"sPrixUnitaire":"1.41 €","fAfficherPrixUnitaire":true,"nrPVBRIIDeduit":1.41,"sPrixPromo":"1.41 €","fAfficherPrixParUniteMesure":false,"sUrlVignetteProduit":"https://fd4-photos.leclercdrive.fr/image.ashx?id=1633040&use=l&cat=p&typeid=i","fEstBRIIActifEtDisponible":false,"fBriiAffichageSticker":false,"sUrlLogoBrii":"","sTexteLogoBRII":"Promotion BRII","sTexteTooltipLot":"","fEstVisiblePictoPromoTEL":false,"sCodeLotHeterogene":"","sUrlLogoTEL":"","sTexteLogoTel":"Promotion TEL","sLibellePictoAjouterProduit":"Ajouter au panier","sLibelleUrlNaviguerRayon":"Voir le rayon","iQuantitePanier":0,"rTotalAPayer":0.0,"sTotalAPayer":"0.00 €","sOrigineZoneDepeche":"France","fVoirRayon":false,"sUrlVoirRayon":"","eDisponibilite":0,"iIdElementPresentationPrincipale":284352,"fProduitSubstitution":false,"sTexteEcoParticipationPrix":"","fAppartientAUneListe":false,"sMsgHeaderPopinAuthen":"Vous devez être identifié(e) pour ajouter le produit à vos listes.","fAfficherTexteProduitIndispo":false,"sTexteProduitIndispo":"","sTexteProduitIndispoCarte":"","fGainsBRD":false,"eTypeProduit":1,"sUrlPageProduit":"https://fd4-courses.leclercdrive.fr/magasin-127811-Bois-dArcy/fiche-produits-3812-Salade-Laitue.aspx","iQteMinPanier":0,"iQteMaxPanier":1000,"sIdUnique":"Produit3812"},"lstEnfants":[]},{"objElement":{"sNoPointLivraison":"127811","iIdProduit":22838,"iIdRayon":284323,"iIdFamille":284351,"niIdSousFamille":284352,"sType":"Produit","sId":"22838","niIdPhotoEnLigne":1633649,"eIncitationLot":0,"sIdUniqueRayon":"Rayon284323","iIdElementPresentation":284352,"sLibelleLigne1":"Laitue Iceberg","sLibelleLigne2":" 1p            ","iQteDisponible":17,"sPrixUnitaire":"1.69 €","fAfficherPrixUnitaire":true,"nrPVBRIIDeduit":1.69,"sPrixPromo":"1.69 €","fAfficherPrixParUniteMesure":false,"sUrlVignetteProduit":"https://fd4-photos.leclercdrive.fr/image.ashx?id=1633649&use=l&cat=p&typeid=i","fEstBRIIActifEtDisponible":false,"fBriiAffichageSticker":false,"sUrlLogoBrii":"","sTexteLogoBRII":"Promotion BRII","sTexteTooltipLot":"","fEstVisiblePictoPromoTEL":false,"sCodeLotHeterogene":"","sUrlLogoTEL":"","sTexteLogoTel":"Promotion TEL","sLibellePictoAjouterProduit":"Ajouter au panier","sLibelleUrlNaviguerRayon":"Voir le rayon","iQuantitePanier":0,"rTotalAPayer":0.0,"sTotalAPayer":"0.00 €","sOrigineZoneDepeche":"Espagne","fVoirRayon":false,"sUrlVoirRayon":"","eDisponibilite":0,"iIdElementPresentationPrincipale":284352,"fProduitSubstitution":false,"sTexteEcoParticipationPrix":"","fAppartientAUneListe":false,"sMsgHeaderPopinAuthen":"Vous devez être identifié(e) pour ajouter le produit à vos listes.","fAfficherTexteProduitIndispo":false,"sTexteProduitIndispo":"","sTexteProduitIndispoCarte":"","fGainsBRD":false,"eTypeProduit":1,"sUrlPageProduit":"https://fd4-courses.leclercdrive.fr/magasin-127811-Bois-dArcy/fiche-produits-22838-Laitue-Iceberg.aspx","iQteMinPanier":0,"iQteMaxPanier":1000,"sIdUnique":"Produit22838"},"lstEnfants":[]},{"objElement":{"sNoPointLivraison":"127811","iIdProduit":3799,"iIdRayon":284323,"iIdFamille":284351,"niIdSousFamille":284352,"sType":"Produit","sId":"3799","niIdPhotoEnLigne":1633622,"eIncitationLot":0,"sIdUniqueRayon":"Rayon284323","iIdElementPresentation":284352,"sLibelleLigne1":"Salade : Batavia","sLibelleLigne2":" 1p            ","iQteDisponible":15,"sPrixUnitaire":"1.41 €","fAfficherPrixUnitaire":true,"nrPVBRIIDeduit":1.41,"sPrixPromo":"1.41 €","fAfficherPrixParUniteMesure":false,"sUrlVignetteProduit":"https://fd4-photos.leclercdrive.fr/image.ashx?id=1633622&use=l&cat=p&typeid=i","fEstBRIIActifEtDisponible":false,"fBriiAffichageSticker":false,"sUrlLogoBrii":"","sTexteLogoBRII":"Promotion BRII","sTexteTooltipLot":"","fEstVisiblePictoPromoTEL":false,"sCodeLotHeterogene":"","sUrlLogoTEL":"","sTexteLogoTel":"Promotion TEL","sLibellePictoAjouterProduit":"Ajouter au panier","sLibelleUrlNaviguerRayon":"Voir le rayon","iQuantitePanier":0,"rTotalAPayer":0.0,"sTotalAPayer":"0.00 €","sOrigineZoneDepeche":"France","fVoirRayon":false,"sUrlVoirRayon":"","eDisponibilite":0,"iIdElementPresentationPrincipale":284352,"fProduitSubstitution":false,"sTexteEcoParticipationPrix":"","fAppartientAUneListe":false,"sMsgHeaderPopinAuthen":"Vous devez être identifié(e) pour ajouter le produit à vos listes.","fAfficherTexteProduitIndispo":false,"sTexteProduitIndispo":"","sTexteProduitIndispoCarte":"","fGainsBRD":false,"eTypeProduit":1,"sUrlPageProduit":"https://fd4-courses.leclercdrive.fr/magasin-127811-Bois-dArcy/fiche-produits-3799-Salade-Batavia.aspx","iQteMinPanier":0,"iQteMaxPanier":1000,"sIdUnique":"Produit3799"},"lstEnfants":[]},{"objElement":{"sNoPointLivraison":"127811","iIdProduit":3800,"iIdRayon":284323,"iIdFamille":284351,"niIdSousFamille":284352,"sType":"Produit","sId":"3800","niIdPhotoEnLigne":1633625,"eIncitationLot":0,"sIdUniqueRayon":"Rayon284323","iIdElementPresentation":284352,"sLibelleLigne1":"Salade : Feuille de ch&#234;ne","sLibelleLigne2":" 1 p           ","iQteDisponible":15,"sPrixUnitaire":"1.41 €","fAfficherPrixUnitaire":true,"nrPVBRIIDeduit":1.41,"sPrixPromo":"1.41 €","fAfficherPrixParUniteMesure":false,"sUrlVignetteProduit":"https://fd4-photos.leclercdrive.fr/image.ashx?id=1633625&use=l&cat=p&typeid=i","fEstBRIIActifEtDisponible":false,"fBriiAffichageSticker":false,"sUrlLogoBrii":"","sTexteLogoBRII":"Promotion BRII","sTexteTooltipLot":"","fEstVisiblePictoPromoTEL":false,"sCodeLotHeterogene":"","sUrlLogoTEL":"","sTexteLogoTel":"Promotion TEL","sLibellePictoAjouterProduit":"Ajouter au panier","sLibelleUrlNaviguerRayon":"Voir le rayon","iQuantitePanier":0,"rTotalAPayer":0.0,"sTotalAPayer":"0.00 €","sOrigineZoneDepeche":"France","fVoirRayon":false,"sUrlVoirRayon":"","eDisponibilite":0,"iIdElementPresentationPrincipale":284352,"fProduitSubstitution":false,"sTexteEcoParticipationPrix":"","fAppartientAUneListe":false,"sMsgHeaderPopinAuthen":"Vous devez être identifié(e) pour ajouter le produit à vos listes.","fAfficherTexteProduitIndispo":false,"sTexteProduitIndispo":"","sTexteProduitIndispoCarte":"","fGainsBRD":false,"eTypeProduit":1,"sUrlPageProduit":"https://fd4-courses.leclercdrive.fr/magasin-127811-Bois-dArcy/fiche-produits-3800-Salade-Feuille-de-chene.aspx","iQteMinPanier":0,"iQteMaxPanier":1000,"sIdUnique":"Produit3800"},"lstEnfants":[]},{"objElement":{"sNoPointLivraison":"127811","iIdProduit":32814,"iIdRayon":284323,"iIdFamille":284351,"niIdSousFamille":284352,"sType":"Produit","sId":"32814","niIdPhotoEnLigne":1633670,"eIncitationLot":0,"sIdUniqueRayon":"Rayon284323","iIdElementPresentation":284352,"sLibelleLigne1":"Salade : Feuille de ch&#234;ne brune","sLibelleLigne2":" 1 p           ","iQteDisponible":21,"sPrixUnitaire":"1.41 €","fAfficherPrixUnitaire":true,"nrPVBRIIDeduit":1.41,"sPrixPromo":"1.41 €","fAfficherPrixParUniteMesure":false,"sUrlVignetteProduit":"https://fd4-photos.leclercdrive.fr/image.ashx?id=1633670&use=l&cat=p&typeid=i","fEstBRIIActifEtDisponible":false,"fBriiAffichageSticker":false,"sUrlLogoBrii":"","sTexteLogoBRII":"Promotion BRII","sTexteTooltipLot":"","fEstVisiblePictoPromoTEL":false,"sCodeLotHeterogene":"","sUrlLogoTEL":"","sTexteLogoTel":"Promotion TEL","sLibellePictoAjouterProduit":"Ajouter au panier","sLibelleUrlNaviguerRayon":"Voir le rayon","iQuantitePanier":0,"rTotalAPayer":0.0,"sTotalAPayer":"0.00 €","sOrigineZoneDepeche":"France","fVoirRayon":false,"sUrlVoirRayon":"","eDisponibilite":0,"iIdElementPresentationPrincipale":284352,"fProduitSubstitution":false,"sTexteEcoParticipationPrix":"","fAppartientAUneListe":false,"sMsgHeaderPopinAuthen":"Vous devez être identifié(e) pour ajouter le produit à vos listes.","fAfficherTexteProduitIndispo":false,"sTexteProduitIndispo":"","sTexteProduitIndispoCarte":"","fGainsBRD":false,"eTypeProduit":1,"sUrlPageProduit":"https://fd4-courses.leclercdrive.fr/magasin-127811-Bois-dArcy/fiche-produits-32814-Salade-Feuille-de-chene-brune.aspx","iQteMinPanier":0,"iQteMaxPanier":1000,"sIdUnique":"Produit32814"},"lstEnfants":[]},{"objElement":{"sNoPointLivraison":"127811","iIdProduit":27311,"iIdRayon":284323,"iIdFamille":284351,"niIdSousFamille":284352,"sType":"Produit","sId":"27311","niIdPhotoEnLigne":1633655,"eIncitationLot":0,"sIdUniqueRayon":"Rayon284323","iIdElementPresentation":284352,"sLibelleLigne1":"Salade : Coeur de romaine ","sLibelleLigne2":" 2x1 p         ","iQteDisponible":19,"sPrixUnitaire":"2.50 €","fAfficherPrixUnitaire":true,"nrPVBRIIDeduit":2.50,"sPrixPromo":"2.50 €","sPrixParUniteDeMesure":"1.25 € / p","fAfficherPrixParUniteMesure":true,"nrPVMesureBRIIDeduit":1.25,"sUrlVignetteProduit":"https://fd4-photos.leclercdrive.fr/image.ashx?id=1633655&use=l&cat=p&typeid=i","fEstBRIIActifEtDisponible":false,"fBriiAffichageSticker":false,"sUrlLogoBrii":"","sTexteLogoBRII":"Promotion BRII","sTexteTooltipLot":"","fEstVisiblePictoPromoTEL":false,"sCodeLotHeterogene":"","sUrlLogoTEL":"","sTexteLogoTel":"Promotion TEL","sLibellePictoAjouterProduit":"Ajouter au panier","sLibelleUrlNaviguerRayon":"Voir le rayon","iQuantitePanier":0,"rTotalAPayer":0.0,"sTotalAPayer":"0.00 €","sOrigineZoneDepeche":"Espagne","fVoirRayon":false,"sUrlVoirRayon":"","eDisponibilite":0,"iIdElementPresentationPrincipale":284352,"fProduitSubstitution":false,"sTexteEcoParticipationPrix":"","fAppartientAUneListe":false,"sMsgHeaderPopinAuthen":"Vous devez être identifié(e) pour ajouter le produit à vos listes.","fAfficherTexteProduitIndispo":false,"sTexteProduitIndispo":"","sTexteProduitIndispoCarte":"","fGainsBRD":false,"eTypeProduit":1,"sUrlPageProduit":"https://fd4-courses.leclercdrive.fr/magasin-127811-Bois-dArcy/fiche-produits-27311-Salade-Coeur-de-romaine-.aspx","iQteMinPanier":0,"iQteMaxPanier":1000,"sIdUnique":"Produit27311"},"lstEnfants":[]},{"objElement":{"sNoPointLivraison":"127811","iIdProduit":4484,"iIdRayon":284323,"iIdFamille":284351,"niIdSousFamille":284352,"sType":"Produit","sId":"4484","niIdPhotoEnLigne":1632539,"eIncitationLot":0,"sIdUniqueRayon":"Rayon284323","iIdElementPresentation":284352,"sLibelleLigne1":"Salade : Sucrine","sLibelleLigne2":" 3 p           ","iQteDisponible":29,"sPrixUnitaire":"1.49 €","fAfficherPrixUnitaire":true,"nrPVBRIIDeduit":1.49,"sPrixPromo":"1.49 €","sPrixParUniteDeMesure":"0.50 € / p","fAfficherPrixParUniteMesure":true,"nrPVMesureBRIIDeduit":0.50,"sUrlVignetteProduit":"https://fd4-photos.leclercdrive.fr/image.ashx?id=1632539&use=l&cat=p&typeid=i","fEstBRIIActifEtDisponible":false,"fBriiAffichageSticker":false,"sUrlLogoBrii":"","sTexteLogoBRII":"Promotion BRII","sTexteTooltipLot":"","fEstVisiblePictoPromoTEL":false,"sCodeLotHeterogene":"","sUrlLogoTEL":"","sTexteLogoTel":"Promotion TEL","sLibellePictoAjouterProduit":"Ajouter au panier","sLibelleUrlNaviguerRayon":"Voir le rayon","iQuantitePanier":0,"rTotalAPayer":0.0,"sTotalAPayer":"0.00 €","sOrigineZoneDepeche":"Espagne","fVoirRayon":false,"sUrlVoirRayon":"","eDisponibilite":0,"iIdElementPresentationPrincipale":284352,"fProduitSubstitution":false,"sTexteEcoParticipationPrix":"","fAppartientAUneListe":false,"sMsgHeaderPopinAuthen":"Vous devez être identifié(e) pour ajouter le produit à vos listes.","fAfficherTexteProduitIndispo":false,"sTexteProduitIndispo":"","sTexteProduitIndispoCarte":"","fGainsBRD":false,"eTypeProduit":1,"sUrlPageProduit":"https://fd4-courses.leclercdrive.fr/magasin-127811-Bois-dArcy/fiche-produits-4484-Salade-Sucrine.aspx","iQteMinPanier":0,"iQteMaxPanier":1000,"sIdUnique":"Produit4484"},"lstEnfants":[]},{"objElement":{"sNoPointLivraison":"127811","iIdProduit":92703,"iIdRayon":284323,"iIdFamille":284351,"niIdSousFamille":284352,"sType":"Produit","sId":"92703","niIdPhotoEnLigne":1509066,"eIncitationLot":0,"sIdUniqueRayon":"Rayon284323","iIdElementPresentation":284352,"sLibelleLigne1":"Courgette Bio Village","sLibelleLigne2":"1kg","iQteDisponible":16,"sPrixUnitaire":"3.49 €","fAfficherPrixUnitaire":true,"nrPVBRIIDeduit":3.49,"sPrixPromo":"3.49 €","sPrixParUniteDeMesure":"3.49 € / kg","fAfficherPrixParUniteMesure":true,"nrPVMesureBRIIDeduit":3.49,"sUrlVignetteProduit":"https://fd4-photos.leclercdrive.fr/image.ashx?id=1509066&use=l&cat=p&typeid=i","fEstBRIIActifEtDisponible":false,"fBriiAffichageSticker":false,"sUrlLogoBrii":"","sTexteLogoBRII":"Promotion BRII","sTexteTooltipLot":"","fEstVisiblePictoPromoTEL":false,"sCodeLotHeterogene":"","sUrlLogoTEL":"","sTexteLogoTel":"Promotion TEL","sLibellePictoAjouterProduit":"Ajouter au panier","sLibelleUrlNaviguerRayon":"Voir le rayon","iQuantitePanier":0,"rTotalAPayer":0.0,"sTotalAPayer":"0.00 €","sOrigineZoneDepeche":"&#39; :espagne","fVoirRayon":false,"sUrlVoirRayon":"","eDisponibilite":0,"iIdElementPresentationPrincipale":284352,"fProduitSubstitution":false,"sTexteEcoParticipationPrix":"","fAppartientAUneListe":false,"sMsgHeaderPopinAuthen":"Vous devez être identifié(e) pour ajouter le produit à vos listes.","fAfficherTexteProduitIndispo":false,"sTexteProduitIndispo":"","sTexteProduitIndispoCarte":"","fGainsBRD":false,"eTypeProduit":1,"sUrlPageProduit":"https://fd4-courses.leclercdrive.fr/magasin-127811-Bois-dArcy/fiche-produits-92703-Courgette-Bio-Village.aspx","iQteMinPanier":0,"iQteMaxPanier":1000,"sIdUnique":"Produit92703"},"lstEnfants":[]},{"objElement":{"sNoPointLivraison":"127811","iIdProduit":79135,"iIdRayon":284323,"iIdFamille":284351,"niIdSousFamille":284352,"sType":"Produit","sId":"79135","niIdPhotoEnLigne":1631674,"eIncitationLot":0,"sIdUniqueRayon":"Rayon284323","iIdElementPresentation":284352,"sLibelleLigne1":"Courgettes Bio","sLibelleLigne2":"500g           ","iQteDisponible":20,"sPrixUnitaire":"2.89 €","fAfficherPrixUnitaire":true,"nrPVBRIIDeduit":2.89,"sPrixPromo":"2.89 €","sPrixParUniteDeMesure":"5.78 € / kg","fAfficherPrixParUniteMesure":true,"nrPVMesureBRIIDeduit":5.78,"sUrlVignetteProduit":"https://fd4-photos.leclercdrive.fr/image.ashx?id=1631674&use=l&cat=p&typeid=i","fEstBRIIActifEtDisponible":false,"fBriiAffichageSticker":false,"sUrlLogoBrii":"","sTexteLogoBRII":"Promotion BRII","sTexteTooltipLot":"","fEstVisiblePictoPromoTEL":false,"sCodeLotHeterogene":"","sUrlLogoTEL":"","sTexteLogoTel":"Promotion TEL","sLibellePictoAjouterProduit":"Ajouter au panier","sLibelleUrlNaviguerRayon":"Voir le rayon","iQuantitePanier":0,"rTotalAPayer":0.0,"sTotalAPayer":"0.00 €","sOrigineZoneDepeche":"&#39; italie","fVoirRayon":false,"sUrlVoirRayon":"","eDisponibilite":0,"iIdElementPresentationPrincipale":284352,"fProduitSubstitution":false,"sTexteEcoParticipationPrix":"","fAppartientAUneListe":false,"sMsgHeaderPopinAuthen":"Vous devez être identifié(e) pour ajouter le produit à vos listes.","fAfficherTexteProduitIndispo":false,"sTexteProduitIndispo":"","sTexteProduitIndispoCarte":"","fGainsBRD":false,"eTypeProduit":1,"sUrlPageProduit":"https://fd4-courses.leclercdrive.fr/magasin-127811-Bois-dArcy/fiche-produits-79135-Courgettes-Bio.aspx","iQteMinPanier":0,"iQteMaxPanier":1000,"sIdUnique":"Produit79135"},"lstEnfants":[]},{"objElement":{"sNoPointLivraison":"127811","iIdProduit":2833,"iIdRayon":284323,"iIdFamille":284351,"niIdSousFamille":284352,"sType":"Produit","sId":"2833","niIdPhotoEnLigne":1631889,"eIncitationLot":0,"sIdUniqueRayon":"Rayon284323","iIdElementPresentation":284352,"sLibelleLigne1":"Courgette","sLibelleLigne2":" 1kg           ","iQteDisponible":42,"sPrixUnitaire":"1.49 €","fAfficherPrixUnitaire":true,"nrPVBRIIDeduit":1.49,"sPrixPromo":"1.49 €","sPrixParUniteDeMesure":"1.49 € / kg","fAfficherPrixParUniteMesure":true,"nrPVMesureBRIIDeduit":1.49,"sUrlVignetteProduit":"https://fd4-photos.leclercdrive.fr/image.ashx?id=1631889&use=l&cat=p&typeid=i","fEstBRIIActifEtDisponible":false,"fBriiAffichageSticker":false,"sUrlLogoBrii":"","sTexteLogoBRII":"Promotion BRII","sTexteTooltipLot":"","fEstVisiblePictoPromoTEL":false,"sCodeLotHeterogene":"","sUrlLogoTEL":"","sTexteLogoTel":"Promotion TEL","sLibellePictoAjouterProduit":"Ajouter au panier","sLibelleUrlNaviguerRayon":"Voir le rayon","iQuantitePanier":0,"rTotalAPayer":0.0,"sTotalAPayer":"0.00 €","sOrigineZoneDepeche":"Espagne","fVoirRayon":false,"sUrlVoirRayon":"","eDisponibilite":0,"iIdElementPresentationPrincipale":284352,"fProduitSubstitution":false,"sTexteEcoParticipationPrix":"","fAppartientAUneListe":false,"sMsgHeaderPopinAuthen":"Vous devez être identifié(e) pour ajouter le produit à vos listes.","fAfficherTexteProduitIndispo":false,"sTexteProduitIndispo":"","sTexteProduitIndispoCarte":"","fGainsBRD":false,"eTypeProduit":1,"sUrlPageProduit":"https://fd4-courses.leclercdrive.fr/magasin-127811-Bois-dArcy/fiche-produits-2833-Courgette.aspx","iQteMinPanier":0,"iQteMaxPanier":1000,"sIdUnique":"Produit2833"},"lstEnfants":[]},{"objElement":{"sNoPointLivraison":"127811","iIdProduit":26640,"iIdRayon":284323,"iIdFamille":284351,"niIdSousFamille":284352,"sType":"Produit","sId":"26640","niIdPhotoEnLigne":1631964,"eIncitationLot":0,"sIdUniqueRayon":"Rayon284323","iIdElementPresentation":284352,"sLibelleLigne1":"Courgette","sLibelleLigne2":" 1 p           ","iQteDisponible":259,"sPrixUnitaire":"0.90 €","fAfficherPrixUnitaire":true,"nrPVBRIIDeduit":0.90,"sPrixPromo":"0.90 €","fAfficherPrixParUniteMesure":false,"sUrlVignetteProduit":"https://fd4-photos.leclercdrive.fr/image.ashx?id=1631964&use=l&cat=p&typeid=i","fEstBRIIActifEtDisponible":false,"fBriiAffichageSticker":false,"sUrlLogoBrii":"","sTexteLogoBRII":"Promotion BRII","sTexteTooltipLot":"","fEstVisiblePictoPromoTEL":false,"sCodeLotHeterogene":"","sUrlLogoTEL":"","sTexteLogoTel":"Promotion TEL","sLibellePictoAjouterProduit":"Ajouter au panier","sLibelleUrlNaviguerRayon":"Voir le rayon","iQuantitePanier":0,"rTotalAPayer":0.0,"sTotalAPayer":"0.00 €","sOrigineZoneDepeche":"Espagne","fVoirRayon":false,"sUrlVoirRayon":"","eDisponibilite":0,"iIdElementPresentationPrincipale":284352,"fProduitSubstitution":false,"sTexteEcoParticipationPrix":"","fAppartientAUneListe":false,"sMsgHeaderPopinAuthen":"Vous devez être identifié(e) pour ajouter le produit à vos listes.","fAfficherTexteProduitIndispo":false,"sTexteProduitIndispo":"","sTexteProduitIndispoCarte":"","fGainsBRD":false,"eTypeProduit":1,"sUrlPageProduit":"https://fd4-courses.leclercdrive.fr/magasin-127811-Bois-dArcy/fiche-produits-26640-Courgette.aspx","iQteMinPanier":0,"iQteMaxPanier":1000,"sIdUnique":"Produit26640"},"lstEnfants":[]},{"objElement":{"sNoPointLivraison":"127811","iIdProduit":93042,"iIdRayon":284323,"iIdFamille":284351,"niIdSousFamille":284352,"sType":"Produit","sId":"93042","niIdPhotoEnLigne":1509883,"eIncitationLot":0,"sIdUniqueRayon":"Rayon284323","iIdElementPresentation":284352,"sLibelleLigne1":"Aubergine Bio Village","sLibelleLigne2":"500g","iQteDisponible":23,"sPrixUnitaire":"2.49 €","fAfficherPrixUnitaire":true,"nrPVBRIIDeduit":2.49,"sPrixPromo":"2.49 €","sPrixParUniteDeMesure":"4.98 € / kg","fAfficherPrixParUniteMesure":true,"nrPVMesureBRIIDeduit":4.98,"sUrlVignetteProduit":"https://fd4-photos.leclercdrive.fr/image.ashx?id=1509883&use=l&cat=p&typeid=i","fEstBRIIActifEtDisponible":false,"fBriiAffichageSticker":false,"sUrlLogoBrii":"","sTexteLogoBRII":"Promotion BRII","sTexteTooltipLot":"","fEstVisiblePictoPromoTEL":false,"sCodeLotHeterogene":"","sUrlLogoTEL":"","sTexteLogoTel":"Promotion TEL","sLibellePictoAjouterProduit":"Ajouter au panier","sLibelleUrlNaviguerRayon":"Voir le rayon","iQuantitePanier":0,"rTotalAPayer":0.0,"sTotalAPayer":"0.00 €","sOrigineZoneDepeche":"&#39; :espagne","fVoirRayon":false,"sUrlVoirRayon":"","eDisponibilite":0,"iIdElementPresentationPrincipale":284352,"fProduitSubstitution":false,"sTexteEcoParticipationPrix":"","fAppartientAUneListe":false,"sMsgHeaderPopinAuthen":"Vous devez être identifié(e) pour ajouter le produit à vos listes.","fAfficherTexteProduitIndispo":false,"sTexteProduitIndispo":"","sTexteProduitIndispoCarte":"","fGainsBRD":false,"eTypeProduit":1,"sUrlPageProduit":"https://fd4-courses.leclercdrive.fr/magasin-127811-Bois-dArcy/fiche-produits-93042-Aubergine-Bio-Village.aspx","iQteMinPanier":0,"iQteMaxPanier":1000,"sIdUnique":"Produit93042"},"lstEnfants":[]},{"objElement":{"sNoPointLivraison":"127811","iIdProduit":26639,"iIdRayon":284323,"iIdFamille":284351,"niIdSousFamille":284352,"sType":"Produit","sId":"26639","niIdPhotoEnLigne":1631421,"eIncitationLot":0,"sIdUniqueRayon":"Rayon284323","iIdElementPresentation":284352,"sLibelleLigne1":"Aubergine","sLibelleLigne2":" 1 p           ","iQteDisponible":37,"sPrixUnitaire":"0.90 €","fAfficherPrixUnitaire":true,"nrPVBRIIDeduit":0.90,"sPrixPromo":"0.90 €","fAfficherPrixParUniteMesure":false,"sUrlVignetteProduit":"https://fd4-photos.leclercdrive.fr/image.ashx?id=1631421&use=l&cat=p&typeid=i","fEstBRIIActifEtDisponible":false,"fBriiAffichageSticker":false,"sUrlLogoBrii":"","sTexteLogoBRII":"Promotion BRII","sTexteTooltipLot":"","fEstVisiblePictoPromoTEL":false,"sCodeLotHeterogene":"","sUrlLogoTEL":"","sTexteLogoTel":"Promotion TEL","sLibellePictoAjouterProduit":"Ajouter au panier","sLibelleUrlNaviguerRayon":"Voir le rayon","iQuantitePanier":0,"rTotalAPayer":0.0,"sTotalAPayer":"0.00 €","sOrigineZoneDepeche":"Espagne","fVoirRayon":false,"sUrlVoirRayon":"","eDisponibilite":0,"iIdElementPresentationPrincipale":284352,"fProduitSubstitution":false,"sTexteEcoParticipationPrix":"","fAppartientAUneListe":false,"sMsgHeaderPopinAuthen":"Vous devez être identifié(e) pour ajouter le produit à vos listes.","fAfficherTexteProduitIndispo":false,"sTexteProduitIndispo":"","sTexteProduitIndispoCarte":"","fGainsBRD":false,"eTypeProduit":1,"sUrlPageProduit":"https://fd4-courses.leclercdrive.fr/magasin-127811-Bois-dArcy/fiche-produits-26639-Aubergine.aspx","iQteMinPanier":0,"iQteMaxPanier":1000,"sIdUnique":"Produit26639"},"lstEnfants":[]},{"objElement":{"sNoPointLivraison":"127811","iIdProduit":34071,"iIdRayon":284323,"iIdFamille":284351,"niIdSousFamille":284352,"sType":"Produit","sId":"34071","niIdPhotoEnLigne":1632614,"eIncitationLot":0,"sIdUniqueRayon":"Rayon284323","iIdElementPresentation":284352,"sLibelleLigne1":"Tomate allong&#233;e","sLibelleLigne2":" 1kg           ","iQteDisponible":2,"sPrixUnitaire":"2.99 €","fAfficherPrixUnitaire":true,"nrPVBRIIDeduit":2.99,"sPrixPromo":"2.99 €","sPrixParUniteDeMesure":"2.99 € / kg","fAfficherPrixParUniteMesure":true,"nrPVMesureBRIIDeduit":2.99,"sUrlVignetteProduit":"https://fd4-photos.leclercdrive.fr/image.ashx?id=1632614&use=l&cat=p&typeid=i","fEstBRIIActifEtDisponible":false,"fBriiAffichageSticker":false,"sUrlLogoBrii":"","sTexteLogoBRII":"Promotion BRII","sTexteTooltipLot":"","fEstVisiblePictoPromoTEL":false,"sCodeLotHeterogene":"","sUrlLogoTEL":"","sTexteLogoTel":"Promotion TEL","sLibellePictoAjouterProduit":"Ajouter au panier","sLibelleUrlNaviguerRayon":"Voir le rayon","iQuantitePanier":0,"rTotalAPayer":0.0,"sTotalAPayer":"0.00 €","sOrigineZoneDepeche":"&quot;france","fVoirRayon":false,"sUrlVoirRayon":"","eDisponibilite":0,"iIdElementPresentationPrincipale":284352,"fProduitSubstitution":false,"sTexteEcoParticipationPrix":"","fAppartientAUneListe":false,"sMsgHeaderPopinAuthen":"Vous devez être identifié(e) pour ajouter le produit à vos listes.","fAfficherTexteProduitIndispo":false,"sTexteProduitIndispo":"","sTexteProduitIndispoCarte":"","fGainsBRD":false,"eTypeProduit":1,"sUrlPageProduit":"https://fd4-courses.leclercdrive.fr/magasin-127811-Bois-dArcy/fiche-produits-34071-Tomate-allongee.aspx","iQteMinPanier":0,"iQteMaxPanier":1000,"sIdUnique":"Produit34071"},"lstEnfants":[]},{"objElement":{"sNoPointLivraison":"127811","iIdProduit":33417,"iIdRayon":284323,"iIdFamille":284351,"niIdSousFamille":284352,"sType":"Produit","sId":"33417","niIdPhotoEnLigne":1633232,"eIncitationLot":0,"sIdUniqueRayon":"Rayon284323","iIdElementPresentation":284352,"sLibelleLigne1":"Tomate cerise allong&#233;e","sLibelleLigne2":"Barquette 250g","iQteDisponible":21,"sPrixUnitaire":"1.95 €","fAfficherPrixUnitaire":true,"nrPVBRIIDeduit":1.95,"sPrixPromo":"1.95 €","sPrixParUniteDeMesure":"7.80 € / kg","fAfficherPrixParUniteMesure":true,"nrPVMesureBRIIDeduit":7.80,"sUrlVignetteProduit":"https://fd4-photos.leclercdrive.fr/image.ashx?id=1633232&use=l&cat=p&typeid=i","fEstBRIIActifEtDisponible":false,"fBriiAffichageSticker":false,"sUrlLogoBrii":"","sTexteLogoBRII":"Promotion BRII","sTexteTooltipLot":"","fEstVisiblePictoPromoTEL":false,"sCodeLotHeterogene":"","sUrlLogoTEL":"","sTexteLogoTel":"Promotion TEL","sLibellePictoAjouterProduit":"Ajouter au panier","sLibelleUrlNaviguerRayon":"Voir le rayon","iQuantitePanier":0,"rTotalAPayer":0.0,"sTotalAPayer":"0.00 €","sOrigineZoneDepeche":"*espagne/maroc","fVoirRayon":false,"sUrlVoirRayon":"","eDisponibilite":0,"iIdElementPresentationPrincipale":284352,"fProduitSubstitution":false,"sTexteEcoParticipationPrix":"","fAppartientAUneListe":false,"sMsgHeaderPopinAuthen":"Vous devez être identifié(e) pour ajouter le produit à vos listes.","fAfficherTexteProduitIndispo":false,"sTexteProduitIndispo":"","sTexteProduitIndispoCarte":"","fGainsBRD":false,"eTypeProduit":1,"sUrlPageProduit":"https://fd4-courses.leclercdrive.fr/magasin-127811-Bois-dArcy/fiche-produits-33417-Tomate-cerise-allongee.aspx","iQteMinPanier":0,"iQteMaxPanier":1000,"sIdUnique":"Produit33417"},"lstEnfants":[]},{"objElement":{"sNoPointLivraison":"127811","iIdProduit":8444,"iIdRayon":284323,"iIdFamille":284351,"niIdSousFamille":284352,"sType":"Produit","sId":"8444","niIdPhotoEnLigne":1633076,"eIncitationLot":0,"sIdUniqueRayon":"Rayon284323","iIdElementPresentation":284352,"sLibelleLigne1":"Tomate cerise Bio","sLibelleLigne2":" 250g          ","iQteDisponible":3,"sPrixUnitaire":"2.10 €","fAfficherPrixUnitaire":true,"nrPVBRIIDeduit":2.10,"sPrixPromo":"2.10 €","sPrixParUniteDeMesure":"8.40 € / kg","fAfficherPrixParUniteMesure":true,"nrPVMesureBRIIDeduit":8.40,"sUrlVignetteProduit":"https://fd4-photos.leclercdrive.fr/image.ashx?id=1633076&use=l&cat=p&typeid=i","fEstBRIIActifEtDisponible":false,"fBriiAffichageSticker":false,"sUrlLogoBrii":"","sTexteLogoBRII":"Promotion BRII","sTexteTooltipLot":"","fEstVisiblePictoPromoTEL":false,"sCodeLotHeterogene":"","sUrlLogoTEL":"","sTexteLogoTel":"Promotion TEL","sLibellePictoAjouterProduit":"Ajouter au panier","sLibelleUrlNaviguerRayon":"Voir le rayon","iQuantitePanier":0,"rTotalAPayer":0.0,"sTotalAPayer":"0.00 €","sOrigineZoneDepeche":"&quot;italie","fVoirRayon":false,"sUrlVoirRayon":"","eDisponibilite":0,"iIdElementPresentationPrincipale":284352,"fProduitSubstitution":false,"sTexteEcoParticipationPrix":"","fAppartientAUneListe":false,"sMsgHeaderPopinAuthen":"Vous devez être identifié(e) pour ajouter le produit à vos listes.","fAfficherTexteProduitIndispo":false,"sTexteProduitIndispo":"","sTexteProduitIndispoCarte":"","fGainsBRD":false,"eTypeProduit":1,"sUrlPageProduit":"https://fd4-courses.leclercdrive.fr/magasin-127811-Bois-dArcy/fiche-produits-8444-Tomate-cerise-Bio.aspx","iQteMinPanier":0,"iQteMaxPanier":1000,"sIdUnique":"Produit8444"},"lstEnfants":[]},{"objElement":{"sNoPointLivraison":"127811","iIdProduit":20818,"iIdRayon":284323,"iIdFamille":284351,"niIdSousFamille":284352,"sType":"Produit","sId":"20818","niIdPhotoEnLigne":1216602,"eIncitationLot":0,"sIdUniqueRayon":"Rayon284323","iIdElementPresentation":284352,"sLibelleLigne1":"Tomate cocktail Notre Jardin","sLibelleLigne2":"En grappe salade, ap&#233;ritif 500g","iQteDisponible":11,"sPrixUnitaire":"2.29 €","fAfficherPrixUnitaire":true,"nrPVBRIIDeduit":2.29,"sPrixPromo":"2.29 €","sPrixParUniteDeMesure":"4.58 € / kg","fAfficherPrixParUniteMesure":true,"nrPVMesureBRIIDeduit":4.58,"sUrlVignetteProduit":"https://fd4-photos.leclercdrive.fr/image.ashx?id=1216602&use=l&cat=p&typeid=i","fEstBRIIActifEtDisponible":false,"fBriiAffichageSticker":false,"sUrlLogoBrii":"","sTexteLogoBRII":"Promotion BRII","sTexteTooltipLot":"","fEstVisiblePictoPromoTEL":false,"sCodeLotHeterogene":"","sUrlLogoTEL":"","sTexteLogoTel":"Promotion TEL","sLibellePictoAjouterProduit":"Ajouter au panier","sLibelleUrlNaviguerRayon":"Voir le rayon","iQuantitePanier":0,"rTotalAPayer":0.0,"sTotalAPayer":"0.00 €","sOrigineZoneDepeche":"France","fVoirRayon":false,"sUrlVoirRayon":"","eDisponibilite":0,"iIdElementPresentationPrincipale":284352,"fProduitSubstitution":false,"sTexteEcoParticipationPrix":"","fAppartientAUneListe":false,"sMsgHeaderPopinAuthen":"Vous devez être identifié(e) pour ajouter le produit à vos listes.","fAfficherTexteProduitIndispo":false,"sTexteProduitIndispo":"","sTexteProduitIndispoCarte":"","fGainsBRD":false,"eTypeProduit":1,"sUrlPageProduit":"https://fd4-courses.leclercdrive.fr/magasin-127811-Bois-dArcy/fiche-produits-20818-Tomate-cocktail-Notre-Jardin.aspx","iQteMinPanier":0,"iQteMaxPanier":1000,"sIdUnique":"Produit20818"},"lstEnfants":[]},{"objElement":{"sNoPointLivraison":"127811","iIdProduit":35827,"iIdRayon":284323,"iIdFamille":284351,"niIdSousFamille":284352,"sType":"Produit","sId":"35827","niIdPhotoEnLigne":1633256,"eIncitationLot":0,"sIdUniqueRayon":"Rayon284323","iIdElementPresentation":284352,"sLibelleLigne1":"Tomate cerise grappe Barquette ","sLibelleLigne2":" 350g          ","iQteDisponible":3,"sPrixUnitaire":"3.99 €","fAfficherPrixUnitaire":true,"nrPVBRIIDeduit":3.99,"sPrixPromo":"3.99 €","sPrixParUniteDeMesure":"11.40 € / kg","fAfficherPrixParUniteMesure":true,"nrPVMesureBRIIDeduit":11.40,"sUrlVignetteProduit":"https://fd4-photos.leclercdrive.fr/image.ashx?id=1633256&use=l&cat=p&typeid=i","fEstBRIIActifEtDisponible":false,"fBriiAffichageSticker":false,"sUrlLogoBrii":"","sTexteLogoBRII":"Promotion BRII","sTexteTooltipLot":"","fEstVisiblePictoPromoTEL":false,"sCodeLotHeterogene":"","sUrlLogoTEL":"","sTexteLogoTel":"Promotion TEL","sLibellePictoAjouterProduit":"Ajouter au panier","sLibelleUrlNaviguerRayon":"Voir le rayon","iQuantitePanier":0,"rTotalAPayer":0.0,"sTotalAPayer":"0.00 €","sOrigineZoneDepeche":"*france","fVoirRayon":false,"sUrlVoirRayon":"","eDisponibilite":0,"iIdElementPresentationPrincipale":284352,"fProduitSubstitution":false,"sTexteEcoParticipationPrix":"","fAppartientAUneListe":false,"sMsgHeaderPopinAuthen":"Vous devez être identifié(e) pour ajouter le produit à vos listes.","fAfficherTexteProduitIndispo":false,"sTexteProduitIndispo":"","sTexteProduitIndispoCarte":"","fGainsBRD":false,"eTypeProduit":1,"sUrlPageProduit":"https://fd4-courses.leclercdrive.fr/magasin-127811-Bois-dArcy/fiche-produits-35827-Tomate-cerise-grappe-Barquette-.aspx","iQteMinPanier":0,"iQteMaxPanier":1000,"sIdUnique":"Produit35827"},"lstEnfants":[]},{"objElement":{"sNoPointLivraison":"127811","iIdProduit":32226,"iIdRayon":284323,"iIdFamille":284351,"niIdSousFamille":284352,"sType":"Produit","sId":"32226","niIdPhotoEnLigne":1633214,"eIncitationLot":0,"sIdUniqueRayon":"Rayon284323","iIdElementPresentation":284352,"sLibelleLigne1":"Tomate c&#244;tel&#233;e","sLibelleLigne2":" 1kg           ","iQteDisponible":7,"sPrixUnitaire":"2.90 €","fAfficherPrixUnitaire":true,"nrPVBRIIDeduit":2.90,"sPrixPromo":"2.90 €","sPrixParUniteDeMesure":"2.90 € / kg","fAfficherPrixParUniteMesure":true,"nrPVMesureBRIIDeduit":2.90,"sUrlVignetteProduit":"https://fd4-photos.leclercdrive.fr/image.ashx?id=1633214&use=l&cat=p&typeid=i","fEstBRIIActifEtDisponible":false,"fBriiAffichageSticker":false,"sUrlLogoBrii":"","sTexteLogoBRII":"Promotion BRII","sTexteTooltipLot":"","fEstVisiblePictoPromoTEL":false,"sCodeLotHeterogene":"","sUrlLogoTEL":"","sTexteLogoTel":"Promotion TEL","sLibellePictoAjouterProduit":"Ajouter au panier","sLibelleUrlNaviguerRayon":"Voir le rayon","iQuantitePanier":0,"rTotalAPayer":0.0,"sTotalAPayer":"0.00 €","sOrigineZoneDepeche":"&#39;france","fVoirRayon":false,"sUrlVoirRayon":"","eDisponibilite":0,"iIdElementPresentationPrincipale":284352,"fProduitSubstitution":false,"sTexteEcoParticipationPrix":"","fAppartientAUneListe":false,"sMsgHeaderPopinAuthen":"Vous devez être identifié(e) pour ajouter le produit à vos listes.","fAfficherTexteProduitIndispo":false,"sTexteProduitIndispo":"","sTexteProduitIndispoCarte":"","fGainsBRD":false,"eTypeProduit":1,"sUrlPageProduit":"https://fd4-courses.leclercdrive.fr/magasin-127811-Bois-dArcy/fiche-produits-32226-Tomate-cotelee.aspx","iQteMinPanier":0,"iQteMaxPanier":1000,"sIdUnique":"Produit32226"},"lstEnfants":[]},{"objElement":{"sNoPointLivraison":"127811","iIdProduit":6709,"iIdRayon":284323,"iIdFamille":284351,"niIdSousFamille":284352,"sType":"Produit","sId":"6709","niIdPhotoEnLigne":1633067,"eIncitationLot":0,"sIdUniqueRayon":"Rayon284323","iIdElementPresentation":284352,"sLibelleLigne1":"Tomate ronde Bio","sLibelleLigne2":" 500g          ","iQteDisponible":5,"sPrixUnitaire":"2.89 €","fAfficherPrixUnitaire":true,"nrPVBRIIDeduit":2.89,"sPrixPromo":"2.89 €","sPrixParUniteDeMesure":"5.78 € / kg","fAfficherPrixParUniteMesure":true,"nrPVMesureBRIIDeduit":5.78,"sUrlVignetteProduit":"https://fd4-photos.leclercdrive.fr/image.ashx?id=1633067&use=l&cat=p&typeid=i","fEstBRIIActifEtDisponible":false,"fBriiAffichageSticker":false,"sUrlLogoBrii":"","sTexteLogoBRII":"Promotion BRII","sTexteTooltipLot":"","fEstVisiblePictoPromoTEL":false,"sCodeLotHeterogene":"","sUrlLogoTEL":"","sTexteLogoTel":"Promotion TEL","sLibellePictoAjouterProduit":"Ajouter au panier","sLibelleUrlNaviguerRayon":"Voir le rayon","iQuantitePanier":0,"rTotalAPayer":0.0,"sTotalAPayer":"0.00 €","sOrigineZoneDepeche":"-espagne","fVoirRayon":false,"sUrlVoirRayon":"","eDisponibilite":0,"iIdElementPresentationPrincipale":284352,"fProduitSubstitution":false,"sTexteEcoParticipationPrix":"","fAppartientAUneListe":false,"sMsgHeaderPopinAuthen":"Vous devez être identifié(e) pour ajouter le produit à vos listes.","fAfficherTexteProduitIndispo":false,"sTexteProduitIndispo":"","sTexteProduitIndispoCarte":"","fGainsBRD":false,"eTypeProduit":1,"sUrlPageProduit":"https://fd4-courses.leclercdrive.fr/magasin-127811-Bois-dArcy/fiche-produits-6709-Tomate-ronde-Bio.aspx","iQteMinPanier":0,"iQteMaxPanier":1000,"sIdUnique":"Produit6709"},"lstEnfants":[]},{"objElement":{"sNoPointLivraison":"127811","iIdProduit":92702,"iIdRayon":284323,"iIdFamille":284351,"niIdSousFamille":284352,"sType":"Produit","sId":"92702","niIdPhotoEnLigne":1509072,"eIncitationLot":0,"sIdUniqueRayon":"Rayon284323","iIdElementPresentation":284352,"sLibelleLigne1":"Tomate en grappe Bio Village","sLibelleLigne2":"500g","iQteDisponible":1,"sPrixUnitaire":"1.99 €","fAfficherPrixUnitaire":true,"nrPVBRIIDeduit":1.99,"sPrixPromo":"1.99 €","sPrixParUniteDeMesure":"3.98 € / kg","fAfficherPrixParUniteMesure":true,"nrPVMesureBRIIDeduit":3.98,"sUrlVignetteProduit":"https://fd4-photos.leclercdrive.fr/image.ashx?id=1509072&use=l&cat=p&typeid=i","fEstBRIIActifEtDisponible":false,"fBriiAffichageSticker":false,"sUrlLogoBrii":"","sTexteLogoBRII":"Promotion BRII","sTexteTooltipLot":"","fEstVisiblePictoPromoTEL":false,"sCodeLotHeterogene":"","sUrlLogoTEL":"","sTexteLogoTel":"Promotion TEL","sLibellePictoAjouterProduit":"Ajouter au panier","sLibelleUrlNaviguerRayon":"Voir le rayon","iQuantitePanier":0,"rTotalAPayer":0.0,"sTotalAPayer":"0.00 €","sOrigineZoneDepeche":"&#39; :espagne","fVoirRayon":false,"sUrlVoirRayon":"","eDisponibilite":0,"iIdElementPresentationPrincipale":284352,"fProduitSubstitution":false,"sTexteEcoParticipationPrix":"","fAppartientAUneListe":false,"sMsgHeaderPopinAuthen":"Vous devez être identifié(e) pour ajouter le produit à vos listes.","fAfficherTexteProduitIndispo":false,"sTexteProduitIndispo":"","sTexteProduitIndispoCarte":"","fGainsBRD":false,"eTypeProduit":1,"sUrlPageProduit":"https://fd4-courses.leclercdrive.fr/magasin-127811-Bois-dArcy/fiche-produits-92702-Tomate-en-grappe-Bio-Village.aspx","iQteMinPanier":0,"iQteMaxPanier":1000,"sIdUnique":"Produit92702"},"lstEnfants":[]},{"objElement":{"sNoPointLivraison":"127811","iIdProduit":35713,"iIdRayon":284323,"iIdFamille":284351,"niIdSousFamille":284352,"sType":"Produit","sId":"35713","niIdPhotoEnLigne":651241,"eIncitationLot":0,"sIdUniqueRayon":"Rayon284323","iIdElementPresentation":284352,"sLibelleLigne1":"Tomate ronde en grappe","sLibelleLigne2":" 500g          ","iQteDisponible":4,"sPrixUnitaire":"1.48 €","fAfficherPrixUnitaire":true,"nrPVBRIIDeduit":1.48,"sPrixPromo":"1.48 €","sPrixParUniteDeMesure":"2.96 € / kg","fAfficherPrixParUniteMesure":true,"nrPVMesureBRIIDeduit":2.96,"sUrlVignetteProduit":"https://fd4-photos.leclercdrive.fr/image.ashx?id=651241&use=l&cat=p&typeid=i","fEstBRIIActifEtDisponible":false,"fBriiAffichageSticker":false,"sUrlLogoBrii":"","sTexteLogoBRII":"Promotion BRII","sTexteTooltipLot":"","fEstVisiblePictoPromoTEL":false,"sCodeLotHeterogene":"","sUrlLogoTEL":"","sTexteLogoTel":"Promotion TEL","sLibellePictoAjouterProduit":"Ajouter au panier","sLibelleUrlNaviguerRayon":"Voir le rayon","iQuantitePanier":0,"rTotalAPayer":0.0,"sTotalAPayer":"0.00 €","sOrigineZoneDepeche":"&#39; france","fVoirRayon":false,"sUrlVoirRayon":"","eDisponibilite":0,"iIdElementPresentationPrincipale":284352,"fProduitSubstitution":false,"sTexteEcoParticipationPrix":"","fAppartientAUneListe":false,"sMsgHeaderPopinAuthen":"Vous devez être identifié(e) pour ajouter le produit à vos listes.","fAfficherTexteProduitIndispo":false,"sTexteProduitIndispo":"","sTexteProduitIndispoCarte":"","fGainsBRD":false,"eTypeProduit":1,"sUrlPageProduit":"https://fd4-courses.leclercdrive.fr/magasin-127811-Bois-dArcy/fiche-produits-35713-Tomate-ronde-en-grappe.aspx","iQteMinPanier":0,"iQteMaxPanier":1000,"sIdUnique":"Produit35713"},"lstEnfants":[]},{"objElement":{"sNoPointLivraison":"127811","iIdProduit":6693,"iIdRayon":284323,"iIdFamille":284351,"niIdSousFamille":284352,"sType":"Produit","sId":"6693","niIdPhotoEnLigne":1631403,"eIncitationLot":0,"sIdUniqueRayon":"Rayon284323","iIdElementPresentation":284352,"sLibelleLigne1":"Blette","sLibelleLigne2":" 1 p           ","iQteDisponible":8,"sPrixUnitaire":"2.50 €","fAfficherPrixUnitaire":true,"nrPVBRIIDeduit":2.50,"sPrixPromo":"2.50 €","fAfficherPrixParUniteMesure":false,"sUrlVignetteProduit":"https://fd4-photos.leclercdrive.fr/image.ashx?id=1631403&use=l&cat=p&typeid=i","fEstBRIIActifEtDisponible":false,"fBriiAffichageSticker":false,"sUrlLogoBrii":"","sTexteLogoBRII":"Promotion BRII","sTexteTooltipLot":"","fEstVisiblePictoPromoTEL":false,"sCodeLotHeterogene":"","sUrlLogoTEL":"","sTexteLogoTel":"Promotion TEL","sLibellePictoAjouterProduit":"Ajouter au panier","sLibelleUrlNaviguerRayon":"Voir le rayon","iQuantitePanier":0,"rTotalAPayer":0.0,"sTotalAPayer":"0.00 €","sOrigineZoneDepeche":"France","fVoirRayon":false,"sUrlVoirRayon":"","eDisponibilite":0,"iIdElementPresentationPrincipale":284352,"fProduitSubstitution":false,"sTexteEcoParticipationPrix":"","fAppartientAUneListe":false,"sMsgHeaderPopinAuthen":"Vous devez être identifié(e) pour ajouter le produit à vos listes.","fAfficherTexteProduitIndispo":false,"sTexteProduitIndispo":"","sTexteProduitIndispoCarte":"","fGainsBRD":false,"eTypeProduit":1,"sUrlPageProduit":"https://fd4-courses.leclercdrive.fr/magasin-127811-Bois-dArcy/fiche-produits-6693-Blette.aspx","iQteMinPanier":0,"iQteMaxPanier":1000,"sIdUnique":"Produit6693"},"lstEnfants":[]},{"objElement":{"sNoPointLivraison":"127811","iIdProduit":34718,"iIdRayon":284323,"iIdFamille":284351,"niIdSousFamille":284352,"sType":"Produit","sId":"34718","niIdPhotoEnLigne":659246,"eIncitationLot":0,"sIdUniqueRayon":"Rayon284323","iIdElementPresentation":284352,"sLibelleLigne1":"Epinard Notre Jardin","sLibelleLigne2":"A cuire - 400g","iQteDisponible":34,"sPrixUnitaire":"1.79 €","fAfficherPrixUnitaire":true,"nrPVBRIIDeduit":1.79,"sPrixPromo":"1.79 €","sPrixParUniteDeMesure":"4.48 € / kg","fAfficherPrixParUniteMesure":true,"nrPVMesureBRIIDeduit":4.48,"sUrlVignetteProduit":"https://fd4-photos.leclercdrive.fr/image.ashx?id=659246&use=l&cat=p&typeid=i","fEstBRIIActifEtDisponible":false,"fBriiAffichageSticker":false,"sUrlLogoBrii":"","sTexteLogoBRII":"Promotion BRII","sTexteTooltipLot":"","fEstVisiblePictoPromoTEL":false,"sCodeLotHeterogene":"","sUrlLogoTEL":"","sTexteLogoTel":"Promotion TEL","sLibellePictoAjouterProduit":"Ajouter au panier","sLibelleUrlNaviguerRayon":"Voir le rayon","iQuantitePanier":0,"rTotalAPayer":0.0,"sTotalAPayer":"0.00 €","sOrigineZoneDepeche":"France","fVoirRayon":false,"sUrlVoirRayon":"","eDisponibilite":0,"iIdElementPresentationPrincipale":284352,"fProduitSubstitution":false,"sTexteEcoParticipationPrix":"","fAppartientAUneListe":false,"sMsgHeaderPopinAuthen":"Vous devez être identifié(e) pour ajouter le produit à vos listes.","fAfficherTexteProduitIndispo":false,"sTexteProduitIndispo":"","sTexteProduitIndispoCarte":"","fGainsBRD":false,"eTypeProduit":1,"sUrlPageProduit":"https://fd4-courses.leclercdrive.fr/magasin-127811-Bois-dArcy/fiche-produits-34718-Epinard-Notre-Jardin.aspx","iQteMinPanier":0,"iQteMaxPanier":1000,"sIdUnique":"Produit34718"},"lstEnfants":[]},{"objElement":{"sNoPointLivraison":"127811","iIdProduit":88464,"iIdRayon":284323,"iIdFamille":284351,"niIdSousFamille":284352,"sType":"Produit","sId":"88464","niIdPhotoEnLigne":612612,"eIncitationLot":0,"sIdUniqueRayon":"Rayon284323","iIdElementPresentation":284352,"sLibelleLigne1":"Fenouil Bio","sLibelleLigne2":" 1p            ","iQteDisponible":2,"sPrixUnitaire":"2.26 €","fAfficherPrixUnitaire":true,"nrPVBRIIDeduit":2.26,"sPrixPromo":"2.26 €","fAfficherPrixParUniteMesure":false,"sUrlVignetteProduit":"https://fd4-photos.leclercdrive.fr/image.ashx?id=612612&use=l&cat=p&typeid=i","fEstBRIIActifEtDisponible":false,"fBriiAffichageSticker":false,"sUrlLogoBrii":"","sTexteLogoBRII":"Promotion BRII","sTexteTooltipLot":"","fEstVisiblePictoPromoTEL":false,"sCodeLotHeterogene":"","sUrlLogoTEL":"","sTexteLogoTel":"Promotion TEL","sLibellePictoAjouterProduit":"Ajouter au panier","sLibelleUrlNaviguerRayon":"Voir le rayon","iQuantitePanier":0,"rTotalAPayer":0.0,"sTotalAPayer":"0.00 €","sOrigineZoneDepeche":"&#39; italie","fVoirRayon":false,"sUrlVoirRayon":"","eDisponibilite":0,"iIdElementPresentationPrincipale":284352,"fProduitSubstitution":false,"sTexteEcoParticipationPrix":"","fAppartientAUneListe":false,"sMsgHeaderPopinAuthen":"Vous devez être identifié(e) pour ajouter le produit à vos listes.","fAfficherTexteProduitIndispo":false,"sTexteProduitIndispo":"","sTexteProduitIndispoCarte":"","fGainsBRD":false,"eTypeProduit":1,"sUrlPageProduit":"https://fd4-courses.leclercdrive.fr/magasin-127811-Bois-dArcy/fiche-produits-88464-Fenouil-Bio.aspx","iQteMinPanier":0,"iQteMaxPanier":1000,"sIdUnique":"Produit88464"},"lstEnfants":[]},{"objElement":{"sNoPointLivraison":"127811","iIdProduit":27276,"iIdRayon":284323,"iIdFamille":284351,"niIdSousFamille":284352,"sType":"Produit","sId":"27276","niIdPhotoEnLigne":612612,"eIncitationLot":0,"sIdUniqueRayon":"Rayon284323","iIdElementPresentation":284352,"sLibelleLigne1":"Fenouil La pi&#232;ce","sLibelleLigne2":" 1 p           ","iQteDisponible":26,"sPrixUnitaire":"1.41 €","fAfficherPrixUnitaire":true,"nrPVBRIIDeduit":1.41,"sPrixPromo":"1.41 €","fAfficherPrixParUniteMesure":false,"sUrlVignetteProduit":"https://fd4-photos.leclercdrive.fr/image.ashx?id=612612&use=l&cat=p&typeid=i","fEstBRIIActifEtDisponible":false,"fBriiAffichageSticker":false,"sUrlLogoBrii":"","sTexteLogoBRII":"Promotion BRII","sTexteTooltipLot":"","fEstVisiblePictoPromoTEL":false,"sCodeLotHeterogene":"","sUrlLogoTEL":"","sTexteLogoTel":"Promotion TEL","sLibellePictoAjouterProduit":"Ajouter au panier","sLibelleUrlNaviguerRayon":"Voir le rayon","iQuantitePanier":0,"rTotalAPayer":0.0,"sTotalAPayer":"0.00 €","sOrigineZoneDepeche":"Italie","fVoirRayon":false,"sUrlVoirRayon":"","eDisponibilite":0,"iIdElementPresentationPrincipale":284352,"fProduitSubstitution":false,"sTexteEcoParticipationPrix":"","fAppartientAUneListe":false,"sMsgHeaderPopinAuthen":"Vous devez être identifié(e) pour ajouter le produit à vos listes.","fAfficherTexteProduitIndispo":false,"sTexteProduitIndispo":"","sTexteProduitIndispoCarte":"","fGainsBRD":false,"eTypeProduit":1,"sUrlPageProduit":"https://fd4-courses.leclercdrive.fr/magasin-127811-Bois-dArcy/fiche-produits-27276-Fenouil-La-piece.aspx","iQteMinPanier":0,"iQteMaxPanier":1000,"sIdUnique":"Produit27276"},"lstEnfants":[]},{"objElement":{"sNoPointLivraison":"127811","iIdProduit":2873,"iIdRayon":284323,"iIdFamille":284351,"niIdSousFamille":284352,"sType":"Produit","sId":"2873","niIdPhotoEnLigne":1633178,"eIncitationLot":0,"sIdUniqueRayon":"Rayon284323","iIdElementPresentation":284352,"sLibelleLigne1":"M&#233;lange de poivrons doux","sLibelleLigne2":" 500g          ","iQteDisponible":46,"sPrixUnitaire":"2.50 €","fAfficherPrixUnitaire":true,"nrPVBRIIDeduit":2.50,"sPrixPromo":"2.50 €","sPrixParUniteDeMesure":"5.00 € / kg","fAfficherPrixParUniteMesure":true,"nrPVMesureBRIIDeduit":5.00,"sUrlVignetteProduit":"https://fd4-photos.leclercdrive.fr/image.ashx?id=1633178&use=l&cat=p&typeid=i","fEstBRIIActifEtDisponible":false,"fBriiAffichageSticker":false,"sUrlLogoBrii":"","sTexteLogoBRII":"Promotion BRII","sTexteTooltipLot":"","fEstVisiblePictoPromoTEL":false,"sCodeLotHeterogene":"","sUrlLogoTEL":"","sTexteLogoTel":"Promotion TEL","sLibellePictoAjouterProduit":"Ajouter au panier","sLibelleUrlNaviguerRayon":"Voir le rayon","iQuantitePanier":0,"rTotalAPayer":0.0,"sTotalAPayer":"0.00 €","sOrigineZoneDepeche":"Espagne","fVoirRayon":false,"sUrlVoirRayon":"","eDisponibilite":0,"iIdElementPresentationPrincipale":284352,"fProduitSubstitution":false,"sTexteEcoParticipationPrix":"","fAppartientAUneListe":false,"sMsgHeaderPopinAuthen":"Vous devez être identifié(e) pour ajouter le produit à vos listes.","fAfficherTexteProduitIndispo":false,"sTexteProduitIndispo":"","sTexteProduitIndispoCarte":"","fGainsBRD":false,"eTypeProduit":1,"sUrlPageProduit":"https://fd4-courses.leclercdrive.fr/magasin-127811-Bois-dArcy/fiche-produits-2873-Melange-de-poivrons-doux.aspx","iQteMinPanier":0,"iQteMaxPanier":1000,"sIdUnique":"Produit2873"},"lstEnfants":[]},{"objElement":{"sNoPointLivraison":"127811","iIdProduit":26641,"iIdRayon":284323,"iIdFamille":284351,"niIdSousFamille":284352,"sType":"Produit","sId":"26641","niIdPhotoEnLigne":1631227,"eIncitationLot":0,"sIdUniqueRayon":"Rayon284323","iIdElementPresentation":284352,"sLibelleLigne1":"Poivron doux jaune","sLibelleLigne2":" 1p            ","iQteDisponible":45,"sPrixUnitaire":"0.75 €","fAfficherPrixUnitaire":true,"nrPVBRIIDeduit":0.75,"sPrixPromo":"0.75 €","fAfficherPrixParUniteMesure":false,"sUrlVignetteProduit":"https://fd4-photos.leclercdrive.fr/image.ashx?id=1631227&use=l&cat=p&typeid=i","fEstBRIIActifEtDisponible":false,"fBriiAffichageSticker":false,"sUrlLogoBrii":"","sTexteLogoBRII":"Promotion BRII","sTexteTooltipLot":"","fEstVisiblePictoPromoTEL":false,"sCodeLotHeterogene":"","sUrlLogoTEL":"","sTexteLogoTel":"Promotion TEL","sLibellePictoAjouterProduit":"Ajouter au panier","sLibelleUrlNaviguerRayon":"Voir le rayon","iQuantitePanier":0,"rTotalAPayer":0.0,"sTotalAPayer":"0.00 €","sOrigineZoneDepeche":"Espagne/BELGIQUE","fVoirRayon":false,"sUrlVoirRayon":"","eDisponibilite":0,"iIdElementPresentationPrincipale":284352,"fProduitSubstitution":false,"sTexteEcoParticipationPrix":"","fAppartientAUneListe":false,"sMsgHeaderPopinAuthen":"Vous devez être identifié(e) pour ajouter le produit à vos listes.","fAfficherTexteProduitIndispo":false,"sTexteProduitIndispo":"","sTexteProduitIndispoCarte":"","fGainsBRD":false,"eTypeProduit":1,"sUrlPageProduit":"https://fd4-courses.leclercdrive.fr/magasin-127811-Bois-dArcy/fiche-produits-26641-Poivron-doux-jaune.aspx","iQteMinPanier":0,"iQteMaxPanier":1000,"sIdUnique":"Produit26641"},"lstEnfants":[]},{"objElement":{"sNoPointLivraison":"127811","iIdProduit":10183,"iIdRayon":284323,"iIdFamille":284351,"niIdSousFamille":284352,"sType":"Produit","sId":"10183","niIdPhotoEnLigne":1633094,"eIncitationLot":0,"sIdUniqueRayon":"Rayon284323","iIdElementPresentation":284352,"sLibelleLigne1":"Poivron doux rouge","sLibelleLigne2":" 1p            ","iQteDisponible":49,"sPrixUnitaire":"0.80 €","fAfficherPrixUnitaire":true,"nrPVBRIIDeduit":0.80,"sPrixPromo":"0.80 €","fAfficherPrixParUniteMesure":false,"sUrlVignetteProduit":"https://fd4-photos.leclercdrive.fr/image.ashx?id=1633094&use=l&cat=p&typeid=i","fEstBRIIActifEtDisponible":false,"fBriiAffichageSticker":false,"sUrlLogoBrii":"","sTexteLogoBRII":"Promotion BRII","sTexteTooltipLot":"","fEstVisiblePictoPromoTEL":false,"sCodeLotHeterogene":"","sUrlLogoTEL":"","sTexteLogoTel":"Promotion TEL","sLibellePictoAjouterProduit":"Ajouter au panier","sLibelleUrlNaviguerRayon":"Voir le rayon","iQuantitePanier":0,"rTotalAPayer":0.0,"sTotalAPayer":"0.00 €","sOrigineZoneDepeche":"Espagne","fVoirRayon":false,"sUrlVoirRayon":"","eDisponibilite":0,"iIdElementPresentationPrincipale":284352,"fProduitSubstitution":false,"sTexteEcoParticipationPrix":"","fAppartientAUneListe":false,"sMsgHeaderPopinAuthen":"Vous devez être identifié(e) pour ajouter le produit à vos listes.","fAfficherTexteProduitIndispo":false,"sTexteProduitIndispo":"","sTexteProduitIndispoCarte":"","fGainsBRD":false,"eTypeProduit":1,"sUrlPageProduit":"https://fd4-courses.leclercdrive.fr/magasin-127811-Bois-dArcy/fiche-produits-10183-Poivron-doux-rouge.aspx","iQteMinPanier":0,"iQteMaxPanier":1000,"sIdUnique":"Produit10183"},"lstEnfants":[]},{"objElement":{"sNoPointLivraison":"127811","iIdProduit":29122,"iIdRayon":284323,"iIdFamille":284351,"niIdSousFamille":284352,"sType":"Produit","sId":"29122","niIdPhotoEnLigne":1633202,"eIncitationLot":0,"sIdUniqueRayon":"Rayon284323","iIdElementPresentation":284352,"sLibelleLigne1":"Poivron doux vert","sLibelleLigne2":" 1p            ","iQteDisponible":15,"sPrixUnitaire":"0.90 €","fAfficherPrixUnitaire":true,"nrPVBRIIDeduit":0.90,"sPrixPromo":"0.90 €","fAfficherPrixParUniteMesure":false,"sUrlVignetteProduit":"https://fd4-photos.leclercdrive.fr/image.ashx?id=1633202&use=l&cat=p&typeid=i","fEstBRIIActifEtDisponible":false,"fBriiAffichageSticker":false,"sUrlLogoBrii":"","sTexteLogoBRII":"Promotion BRII","sTexteTooltipLot":"","fEstVisiblePictoPromoTEL":false,"sCodeLotHeterogene":"","sUrlLogoTEL":"","sTexteLogoTel":"Promotion TEL","sLibellePictoAjouterProduit":"Ajouter au panier","sLibelleUrlNaviguerRayon":"Voir le rayon","iQuantitePanier":0,"rTotalAPayer":0.0,"sTotalAPayer":"0.00 €","sOrigineZoneDepeche":"*belgique","fVoirRayon":false,"sUrlVoirRayon":"","eDisponibilite":0,"iIdElementPresentationPrincipale":284352,"fProduitSubstitution":false,"sTexteEcoParticipationPrix":"","fAppartientAUneListe":false,"sMsgHeaderPopinAuthen":"Vous devez être identifié(e) pour ajouter le produit à vos listes.","fAfficherTexteProduitIndispo":false,"sTexteProduitIndispo":"","sTexteProduitIndispoCarte":"","fGainsBRD":false,"eTypeProduit":1,"sUrlPageProduit":"https://fd4-courses.leclercdrive.fr/magasin-127811-Bois-dArcy/fiche-produits-29122-Poivron-doux-vert.aspx","iQteMinPanier":0,"iQteMaxPanier":1000,"sIdUnique":"Produit29122"},"lstEnfants":[]},{"objElement":{"sNoPointLivraison":"127811","iIdProduit":89190,"iIdRayon":284323,"iIdFamille":284351,"niIdSousFamille":284352,"sType":"Produit","sId":"89190","niIdPhotoEnLigne":1457160,"eIncitationLot":0,"sIdUniqueRayon":"Rayon284323","iIdElementPresentation":284352,"sLibelleLigne1":"Carotte Bio Village ","sLibelleLigne2":"1kg","iQteDisponible":21,"sPrixUnitaire":"2.29 €","fAfficherPrixUnitaire":true,"nrPVBRIIDeduit":2.29,"sPrixPromo":"2.29 €","sPrixParUniteDeMesure":"2.29 € / kg","fAfficherPrixParUniteMesure":true,"nrPVMesureBRIIDeduit":2.29,"sUrlVignetteProduit":"https://fd4-photos.leclercdrive.fr/image.ashx?id=1457160&use=l&cat=p&typeid=i","fEstBRIIActifEtDisponible":false,"fBriiAffichageSticker":false,"sUrlLogoBrii":"","sTexteLogoBRII":"Promotion BRII","sTexteTooltipLot":"","fEstVisiblePictoPromoTEL":false,"sCodeLotHeterogene":"","sUrlLogoTEL":"","sTexteLogoTel":"Promotion TEL","sLibellePictoAjouterProduit":"Ajouter au panier","sLibelleUrlNaviguerRayon":"Voir le rayon","iQuantitePanier":0,"rTotalAPayer":0.0,"sTotalAPayer":"0.00 €","sOrigineZoneDepeche":"&quot;portugal","fVoirRayon":false,"sUrlVoirRayon":"","eDisponibilite":0,"iIdElementPresentationPrincipale":284352,"fProduitSubstitution":false,"sTexteEcoParticipationPrix":"","fAppartientAUneListe":false,"sMsgHeaderPopinAuthen":"Vous devez être identifié(e) pour ajouter le produit à vos listes.","fAfficherTexteProduitIndispo":false,"sTexteProduitIndispo":"","sTexteProduitIndispoCarte":"","fGainsBRD":false,"eTypeProduit":1,"sUrlPageProduit":"https://fd4-courses.leclercdrive.fr/magasin-127811-Bois-dArcy/fiche-produits-89190-Carotte-Bio-Village-.aspx","iQteMinPanier":0,"iQteMaxPanier":1000,"sIdUnique":"Produit89190"},"lstEnfants":[]},{"objElement":{"sNoPointLivraison":"127811","iIdProduit":37402,"iIdRayon":284323,"iIdFamille":284351,"niIdSousFamille":284352,"sType":"Produit","sId":"37402","niIdPhotoEnLigne":1632057,"eIncitationLot":0,"sIdUniqueRayon":"Rayon284323","iIdElementPresentation":284352,"sLibelleLigne1":"Carotte Bio","sLibelleLigne2":" 1kg           ","iQteDisponible":9,"sPrixUnitaire":"2.49 €","fAfficherPrixUnitaire":true,"nrPVBRIIDeduit":2.49,"sPrixPromo":"2.49 €","sPrixParUniteDeMesure":"2.49 € / kg","fAfficherPrixParUniteMesure":true,"nrPVMesureBRIIDeduit":2.49,"sUrlVignetteProduit":"https://fd4-photos.leclercdrive.fr/image.ashx?id=1632057&use=l&cat=p&typeid=i","fEstBRIIActifEtDisponible":false,"fBriiAffichageSticker":false,"sUrlLogoBrii":"","sTexteLogoBRII":"Promotion BRII","sTexteTooltipLot":"","fEstVisiblePictoPromoTEL":false,"sCodeLotHeterogene":"","sUrlLogoTEL":"","sTexteLogoTel":"Promotion TEL","sLibellePictoAjouterProduit":"Ajouter au panier","sLibelleUrlNaviguerRayon":"Voir le rayon","iQuantitePanier":0,"rTotalAPayer":0.0,"sTotalAPayer":"0.00 €","sOrigineZoneDepeche":"&#39; italie","fVoirRayon":false,"sUrlVoirRayon":"","eDisponibilite":0,"iIdElementPresentationPrincipale":284352,"fProduitSubstitution":false,"sTexteEcoParticipationPrix":"","fAppartientAUneListe":false,"sMsgHeaderPopinAuthen":"Vous devez être identifié(e) pour ajouter le produit à vos listes.","fAfficherTexteProduitIndispo":false,"sTexteProduitIndispo":"","sTexteProduitIndispoCarte":"","fGainsBRD":false,"eTypeProduit":1,"sUrlPageProduit":"https://fd4-courses.leclercdrive.fr/magasin-127811-Bois-dArcy/fiche-produits-37402-Carotte-Bio.aspx","iQteMinPanier":0,"iQteMaxPanier":1000,"sIdUnique":"Produit37402"},"lstEnfants":[]},{"objElement":{"sNoPointLivraison":"127811","iIdProduit":94794,"iIdRayon":284323,"iIdFamille":284351,"niIdSousFamille":284352,"sType":"Produit","sId":"94794","niIdPhotoEnLigne":1518803,"eIncitationLot":0,"sIdUniqueRayon":"Rayon284323","iIdElementPresentation":284352,"sLibelleLigne1":"Carotte des Sablles du cotentin","sLibelleLigne2":"Nos R&#233;gions Ont Du Talent - 1kg","iQteDisponible":27,"sPrixUnitaire":"1.99 €","fAfficherPrixUnitaire":true,"nrPVBRIIDeduit":1.99,"sPrixPromo":"1.99 €","sPrixParUniteDeMesure":"1.99 € / kg","fAfficherPrixParUniteMesure":true,"nrPVMesureBRIIDeduit":1.99,"sUrlVignetteProduit":"https://fd4-photos.leclercdrive.fr/image.ashx?id=1518803&use=l&cat=p&typeid=i","fEstBRIIActifEtDisponible":false,"fBriiAffichageSticker":false,"sUrlLogoBrii":"","sTexteLogoBRII":"Promotion BRII","sTexteTooltipLot":"","fEstVisiblePictoPromoTEL":false,"sCodeLotHeterogene":"","sUrlLogoTEL":"","sTexteLogoTel":"Promotion TEL","sLibellePictoAjouterProduit":"Ajouter au panier","sLibelleUrlNaviguerRayon":"Voir le rayon","iQuantitePanier":0,"rTotalAPayer":0.0,"sTotalAPayer":"0.00 €","sOrigineZoneDepeche":"&#39; :france","fVoirRayon":false,"sUrlVoirRayon":"","eDisponibilite":0,"iIdElementPresentationPrincipale":284352,"fProduitSubstitution":false,"sTexteEcoParticipationPrix":"","fAppartientAUneListe":false,"sMsgHeaderPopinAuthen":"Vous devez être identifié(e) pour ajouter le produit à vos listes.","fAfficherTexteProduitIndispo":false,"sTexteProduitIndispo":"","sTexteProduitIndispoCarte":"","fGainsBRD":false,"eTypeProduit":1,"sUrlPageProduit":"https://fd4-courses.leclercdrive.fr/magasin-127811-Bois-dArcy/fiche-produits-94794-Carotte-des-Sablles-du-cotentin.aspx","iQteMinPanier":0,"iQteMaxPanier":1000,"sIdUnique":"Produit94794"},"lstEnfants":[]},{"objElement":{"sNoPointLivraison":"127811","iIdProduit":37546,"iIdRayon":284323,"iIdFamille":284351,"niIdSousFamille":284352,"sType":"Produit","sId":"37546","niIdPhotoEnLigne":1632063,"eIncitationLot":0,"sIdUniqueRayon":"Rayon284323","iIdElementPresentation":284352,"sLibelleLigne1":"Carotte Barquette ","sLibelleLigne2":" 1kg           ","iQteDisponible":130,"sPrixUnitaire":"0.95 €","fAfficherPrixUnitaire":true,"nrPVBRIIDeduit":0.95,"sPrixPromo":"0.95 €","sPrixParUniteDeMesure":"0.95 € / kg","fAfficherPrixParUniteMesure":true,"nrPVMesureBRIIDeduit":0.95,"sUrlVignetteProduit":"https://fd4-photos.leclercdrive.fr/image.ashx?id=1632063&use=l&cat=p&typeid=i","fEstBRIIActifEtDisponible":false,"fBriiAffichageSticker":false,"sUrlLogoBrii":"","sTexteLogoBRII":"Promotion BRII","sTexteTooltipLot":"","fEstVisiblePictoPromoTEL":false,"sCodeLotHeterogene":"","sUrlLogoTEL":"","sTexteLogoTel":"Promotion TEL","sLibellePictoAjouterProduit":"Ajouter au panier","sLibelleUrlNaviguerRayon":"Voir le rayon","iQuantitePanier":0,"rTotalAPayer":0.0,"sTotalAPayer":"0.00 €","sOrigineZoneDepeche":"Portugal","fVoirRayon":false,"sUrlVoirRayon":"","eDisponibilite":0,"iIdElementPresentationPrincipale":284352,"fProduitSubstitution":false,"sTexteEcoParticipationPrix":"","fAppartientAUneListe":false,"sMsgHeaderPopinAuthen":"Vous devez être identifié(e) pour ajouter le produit à vos listes.","fAfficherTexteProduitIndispo":false,"sTexteProduitIndispo":"","sTexteProduitIndispoCarte":"","fGainsBRD":false,"eTypeProduit":1,"sUrlPageProduit":"https://fd4-courses.leclercdrive.fr/magasin-127811-Bois-dArcy/fiche-produits-37546-Carotte-Barquette-.aspx","iQteMinPanier":0,"iQteMaxPanier":1000,"sIdUnique":"Produit37546"},"lstEnfants":[]},{"objElement":{"sNoPointLivraison":"127811","iIdProduit":93029,"iIdRayon":284323,"iIdFamille":284351,"niIdSousFamille":284352,"sType":"Produit","sId":"93029","niIdPhotoEnLigne":1509877,"eIncitationLot":0,"sIdUniqueRayon":"Rayon284323","iIdElementPresentation":284352,"sLibelleLigne1":"Poireau Bio Village","sLibelleLigne2":"750g","iQteDisponible":19,"sPrixUnitaire":"5.50 €","fAfficherPrixUnitaire":true,"nrPVBRIIDeduit":5.50,"sPrixPromo":"5.50 €","sPrixParUniteDeMesure":"7.33 € / kg","fAfficherPrixParUniteMesure":true,"nrPVMesureBRIIDeduit":7.33,"sUrlVignetteProduit":"https://fd4-photos.leclercdrive.fr/image.ashx?id=1509877&use=l&cat=p&typeid=i","fEstBRIIActifEtDisponible":false,"fBriiAffichageSticker":false,"sUrlLogoBrii":"","sTexteLogoBRII":"Promotion BRII","sTexteTooltipLot":"","fEstVisiblePictoPromoTEL":false,"sCodeLotHeterogene":"","sUrlLogoTEL":"","sTexteLogoTel":"Promotion TEL","sLibellePictoAjouterProduit":"Ajouter au panier","sLibelleUrlNaviguerRayon":"Voir le rayon","iQuantitePanier":0,"rTotalAPayer":0.0,"sTotalAPayer":"0.00 €","sOrigineZoneDepeche":"&#39; :france","fVoirRayon":false,"sUrlVoirRayon":"","eDisponibilite":0,"iIdElementPresentationPrincipale":284352,"fProduitSubstitution":false,"sTexteEcoParticipationPrix":"","fAppartientAUneListe":false,"sMsgHeaderPopinAuthen":"Vous devez être identifié(e) pour ajouter le produit à vos listes.","fAfficherTexteProduitIndispo":false,"sTexteProduitIndispo":"","sTexteProduitIndispoCarte":"","fGainsBRD":false,"eTypeProduit":1,"sUrlPageProduit":"https://fd4-courses.leclercdrive.fr/magasin-127811-Bois-dArcy/fiche-produits-93029-Poireau-Bio-Village.aspx","iQteMinPanier":0,"iQteMaxPanier":1000,"sIdUnique":"Produit93029"},"lstEnfants":[]},{"objElement":{"sNoPointLivraison":"127811","iIdProduit":2872,"iIdRayon":284323,"iIdFamille":284351,"niIdSousFamille":284352,"sType":"Produit","sId":"2872","niIdPhotoEnLigne":1633169,"eIncitationLot":0,"sIdUniqueRayon":"Rayon284323","iIdElementPresentation":284352,"sLibelleLigne1":"Poireau","sLibelleLigne2":" 1kg           ","iQteDisponible":34,"sPrixUnitaire":"2.95 €","fAfficherPrixUnitaire":true,"nrPVBRIIDeduit":2.95,"sPrixPromo":"2.95 €","sPrixParUniteDeMesure":"2.95 € / kg","fAfficherPrixParUniteMesure":true,"nrPVMesureBRIIDeduit":2.95,"sUrlVignetteProduit":"https://fd4-photos.leclercdrive.fr/image.ashx?id=1633169&use=l&cat=p&typeid=i","fEstBRIIActifEtDisponible":false,"fBriiAffichageSticker":false,"sUrlLogoBrii":"","sTexteLogoBRII":"Promotion BRII","sTexteTooltipLot":"","fEstVisiblePictoPromoTEL":false,"sCodeLotHeterogene":"","sUrlLogoTEL":"","sTexteLogoTel":"Promotion TEL","sLibellePictoAjouterProduit":"Ajouter au panier","sLibelleUrlNaviguerRayon":"Voir le rayon","iQuantitePanier":0,"rTotalAPayer":0.0,"sTotalAPayer":"0.00 €","sOrigineZoneDepeche":"France","fVoirRayon":false,"sUrlVoirRayon":"","eDisponibilite":0,"iIdElementPresentationPrincipale":284352,"fProduitSubstitution":false,"sTexteEcoParticipationPrix":"","fAppartientAUneListe":false,"sMsgHeaderPopinAuthen":"Vous devez être identifié(e) pour ajouter le produit à vos listes.","fAfficherTexteProduitIndispo":false,"sTexteProduitIndispo":"","sTexteProduitIndispoCarte":"","fGainsBRD":false,"eTypeProduit":1,"sUrlPageProduit":"https://fd4-courses.leclercdrive.fr/magasin-127811-Bois-dArcy/fiche-produits-2872-Poireau.aspx","iQteMinPanier":0,"iQteMaxPanier":1000,"sIdUnique":"Produit2872"},"lstEnfants":[]},{"objElement":{"sNoPointLivraison":"127811","iIdProduit":20546,"iIdRayon":284323,"iIdFamille":284351,"niIdSousFamille":284352,"sType":"Produit","sId":"20546","niIdPhotoEnLigne":1540958,"eIncitationLot":0,"sIdUniqueRayon":"Rayon284323","iIdElementPresentation":284352,"sLibelleLigne1":"Blanc de poireaux Notre Jardin","sLibelleLigne2":"500g","iQteDisponible":10,"sPrixUnitaire":"2.99 €","fAfficherPrixUnitaire":true,"nrPVBRIIDeduit":2.99,"sPrixPromo":"2.99 €","sPrixParUniteDeMesure":"5.98 € / kg","fAfficherPrixParUniteMesure":true,"nrPVMesureBRIIDeduit":5.98,"sUrlVignetteProduit":"https://fd4-photos.leclercdrive.fr/image.ashx?id=1540958&use=l&cat=p&typeid=i","fEstBRIIActifEtDisponible":false,"fBriiAffichageSticker":false,"sUrlLogoBrii":"","sTexteLogoBRII":"Promotion BRII","sTexteTooltipLot":"","fEstVisiblePictoPromoTEL":false,"sCodeLotHeterogene":"","sUrlLogoTEL":"","sTexteLogoTel":"Promotion TEL","sLibellePictoAjouterProduit":"Ajouter au panier","sLibelleUrlNaviguerRayon":"Voir le rayon","iQuantitePanier":0,"rTotalAPayer":0.0,"sTotalAPayer":"0.00 €","sOrigineZoneDepeche":"&#39; france","fVoirRayon":false,"sUrlVoirRayon":"","eDisponibilite":0,"iIdElementPresentationPrincipale":284352,"fProduitSubstitution":false,"sTexteEcoParticipationPrix":"","fAppartientAUneListe":false,"sMsgHeaderPopinAuthen":"Vous devez être identifié(e) pour ajouter le produit à vos listes.","fAfficherTexteProduitIndispo":false,"sTexteProduitIndispo":"","sTexteProduitIndispoCarte":"","fGainsBRD":false,"eTypeProduit":1,"sUrlPageProduit":"https://fd4-courses.leclercdrive.fr/magasin-127811-Bois-dArcy/fiche-produits-20546-Blanc-de-poireaux-Notre-Jardin.aspx","iQteMinPanier":0,"iQteMaxPanier":1000,"sIdUnique":"Produit20546"},"lstEnfants":[]},{"objElement":{"sNoPointLivraison":"127811","iIdProduit":73858,"iIdRayon":284323,"iIdFamille":284351,"niIdSousFamille":284352,"sType":"Produit","sId":"73858","niIdPhotoEnLigne":1631647,"eIncitationLot":0,"sIdUniqueRayon":"Rayon284323","iIdElementPresentation":284352,"sLibelleLigne1":"Gingembre Bio Barquette","sLibelleLigne2":" 250GR         ","iQteDisponible":24,"sPrixUnitaire":"2.99 €","fAfficherPrixUnitaire":true,"nrPVBRIIDeduit":2.99,"sPrixPromo":"2.99 €","sPrixParUniteDeMesure":"11.96 € / kg","fAfficherPrixParUniteMesure":true,"nrPVMesureBRIIDeduit":11.96,"sUrlVignetteProduit":"https://fd4-photos.leclercdrive.fr/image.ashx?id=1631647&use=l&cat=p&typeid=i","fEstBRIIActifEtDisponible":false,"fBriiAffichageSticker":false,"sUrlLogoBrii":"","sTexteLogoBRII":"Promotion BRII","sTexteTooltipLot":"","fEstVisiblePictoPromoTEL":false,"sCodeLotHeterogene":"","sUrlLogoTEL":"","sTexteLogoTel":"Promotion TEL","sLibellePictoAjouterProduit":"Ajouter au panier","sLibelleUrlNaviguerRayon":"Voir le rayon","iQuantitePanier":0,"rTotalAPayer":0.0,"sTotalAPayer":"0.00 €","sOrigineZoneDepeche":"P&#233;rou","fVoirRayon":false,"sUrlVoirRayon":"","eDisponibilite":0,"iIdElementPresentationPrincipale":284352,"fProduitSubstitution":false,"sTexteEcoParticipationPrix":"","fAppartientAUneListe":false,"sMsgHeaderPopinAuthen":"Vous devez être identifié(e) pour ajouter le produit à vos listes.","fAfficherTexteProduitIndispo":false,"sTexteProduitIndispo":"","sTexteProduitIndispoCarte":"","fGainsBRD":false,"eTypeProduit":1,"sUrlPageProduit":"https://fd4-courses.leclercdrive.fr/magasin-127811-Bois-dArcy/fiche-produits-73858-Gingembre-Bio-Barquette.aspx","iQteMinPanier":0,"iQteMaxPanier":1000,"sIdUnique":"Produit73858"},"lstEnfants":[]},{"objElement":{"sNoPointLivraison":"127811","iIdProduit":27284,"iIdRayon":284323,"iIdFamille":284351,"niIdSousFamille":284352,"sType":"Produit","sId":"27284","niIdPhotoEnLigne":1631979,"eIncitationLot":0,"sIdUniqueRayon":"Rayon284323","iIdElementPresentation":284352,"sLibelleLigne1":"Gingembre Barquette ","sLibelleLigne2":" 250g          ","iQteDisponible":3,"sPrixUnitaire":"2.70 €","fAfficherPrixUnitaire":true,"nrPVBRIIDeduit":2.70,"sPrixPromo":"2.70 €","sPrixParUniteDeMesure":"10.80 € / kg","fAfficherPrixParUniteMesure":true,"nrPVMesureBRIIDeduit":10.80,"sUrlVignetteProduit":"https://fd4-photos.leclercdrive.fr/image.ashx?id=1631979&use=l&cat=p&typeid=i","fEstBRIIActifEtDisponible":false,"fBriiAffichageSticker":false,"sUrlLogoBrii":"","sTexteLogoBRII":"Promotion BRII","sTexteTooltipLot":"","fEstVisiblePictoPromoTEL":false,"sCodeLotHeterogene":"","sUrlLogoTEL":"","sTexteLogoTel":"Promotion TEL","sLibellePictoAjouterProduit":"Ajouter au panier","sLibelleUrlNaviguerRayon":"Voir le rayon","iQuantitePanier":0,"rTotalAPayer":0.0,"sTotalAPayer":"0.00 €","sOrigineZoneDepeche":"Chine","fVoirRayon":false,"sUrlVoirRayon":"","eDisponibilite":0,"iIdElementPresentationPrincipale":284352,"fProduitSubstitution":false,"sTexteEcoParticipationPrix":"","fAppartientAUneListe":false,"sMsgHeaderPopinAuthen":"Vous devez être identifié(e) pour ajouter le produit à vos listes.","fAfficherTexteProduitIndispo":false,"sTexteProduitIndispo":"","sTexteProduitIndispoCarte":"","fGainsBRD":false,"eTypeProduit":1,"sUrlPageProduit":"https://fd4-courses.leclercdrive.fr/magasin-127811-Bois-dArcy/fiche-produits-27284-Gingembre-Barquette-.aspx","iQteMinPanier":0,"iQteMaxPanier":1000,"sIdUnique":"Produit27284"},"lstEnfants":[]},{"objElement":{"sNoPointLivraison":"127811","iIdProduit":10324,"iIdRayon":284323,"iIdFamille":284351,"niIdSousFamille":284352,"sType":"Produit","sId":"10324","niIdPhotoEnLigne":1507492,"eIncitationLot":0,"sIdUniqueRayon":"Rayon284323","iIdElementPresentation":284352,"sLibelleLigne1":"Pommes de terre Bio Village","sLibelleLigne2":"Vapeur et saut&#233;es  - 1.5kg","iQteDisponible":43,"sPrixUnitaire":"2.95 €","fAfficherPrixUnitaire":true,"nrPVBRIIDeduit":2.95,"sPrixPromo":"2.95 €","sPrixParUniteDeMesure":"1.97 € / kg","fAfficherPrixParUniteMesure":true,"nrPVMesureBRIIDeduit":1.97,"sUrlVignetteProduit":"https://fd4-photos.leclercdrive.fr/image.ashx?id=1507492&use=l&cat=p&typeid=i","fEstBRIIActifEtDisponible":false,"fBriiAffichageSticker":false,"sUrlLogoBrii":"","sTexteLogoBRII":"Promotion BRII","sTexteTooltipLot":"","fEstVisiblePictoPromoTEL":false,"sCodeLotHeterogene":"","sUrlLogoTEL":"","sTexteLogoTel":"Promotion TEL","sLibellePictoAjouterProduit":"Ajouter au panier","sLibelleUrlNaviguerRayon":"Voir le rayon","iQuantitePanier":0,"rTotalAPayer":0.0,"sTotalAPayer":"0.00 €","sOrigineZoneDepeche":"&#39; :pays bas","fVoirRayon":false,"sUrlVoirRayon":"","eDisponibilite":0,"iIdElementPresentationPrincipale":284352,"fProduitSubstitution":false,"sTexteEcoParticipationPrix":"","fAppartientAUneListe":false,"sMsgHeaderPopinAuthen":"Vous devez être identifié(e) pour ajouter le produit à vos listes.","fAfficherTexteProduitIndispo":false,"sTexteProduitIndispo":"","sTexteProduitIndispoCarte":"","fGainsBRD":false,"eTypeProduit":1,"sUrlPageProduit":"https://fd4-courses.leclercdrive.fr/magasin-127811-Bois-dArcy/fiche-produits-10324-Pommes-de-terre-Bio-Village.aspx","iQteMinPanier":0,"iQteMaxPanier":1000,"sIdUnique":"Produit10324"},"lstEnfants":[]},{"objElement":{"sNoPointLivraison":"127811","iIdProduit":46498,"iIdRayon":284323,"iIdFamille":284351,"niIdSousFamille":284352,"sType":"Produit","sId":"46498","niIdPhotoEnLigne":1505975,"eIncitationLot":0,"sIdUniqueRayon":"Rayon284323","iIdElementPresentation":284352,"sLibelleLigne1":"Pomme de terre de consommation","sLibelleLigne2":"Bio four potage - 1.5kg","iQteDisponible":50,"sPrixUnitaire":"2.49 €","fAfficherPrixUnitaire":true,"nrPVBRIIDeduit":2.49,"sPrixPromo":"2.49 €","sPrixParUniteDeMesure":"1.66 € / kg","fAfficherPrixParUniteMesure":true,"nrPVMesureBRIIDeduit":1.66,"sUrlVignetteProduit":"https://fd4-photos.leclercdrive.fr/image.ashx?id=1505975&use=l&cat=p&typeid=i","fEstBRIIActifEtDisponible":false,"fBriiAffichageSticker":false,"sUrlLogoBrii":"","sTexteLogoBRII":"Promotion BRII","sTexteTooltipLot":"","fEstVisiblePictoPromoTEL":false,"sCodeLotHeterogene":"","sUrlLogoTEL":"","sTexteLogoTel":"Promotion TEL","sLibellePictoAjouterProduit":"Ajouter au panier","sLibelleUrlNaviguerRayon":"Voir le rayon","iQuantitePanier":0,"rTotalAPayer":0.0,"sTotalAPayer":"0.00 €","sOrigineZoneDepeche":"&#168;france","fVoirRayon":false,"sUrlVoirRayon":"","eDisponibilite":0,"iIdElementPresentationPrincipale":284352,"fProduitSubstitution":false,"sTexteEcoParticipationPrix":"","fAppartientAUneListe":false,"sMsgHeaderPopinAuthen":"Vous devez être identifié(e) pour ajouter le produit à vos listes.","fAfficherTexteProduitIndispo":false,"sTexteProduitIndispo":"","sTexteProduitIndispoCarte":"","fGainsBRD":false,"eTypeProduit":1,"sUrlPageProduit":"https://fd4-courses.leclercdrive.fr/magasin-127811-Bois-dArcy/fiche-produits-46498-Pomme-de-terre-de-consommation.aspx","iQteMinPanier":0,"iQteMaxPanier":1000,"sIdUnique":"Produit46498"},"lstEnfants":[]},{"objElement":{"sNoPointLivraison":"127811","iIdProduit":47210,"iIdRayon":284323,"iIdFamille":284351,"niIdSousFamille":284352,"sType":"Produit","sId":"47210","niIdPhotoEnLigne":1633334,"eIncitationLot":0,"sIdUniqueRayon":"Rayon284323","iIdElementPresentation":284352,"sLibelleLigne1":"Pomme de terre Bio","sLibelleLigne2":"Tendres emball&#233;es - 1kg","iQteDisponible":11,"sPrixUnitaire":"3.09 €","fAfficherPrixUnitaire":true,"nrPVBRIIDeduit":3.09,"sPrixPromo":"3.09 €","sPrixParUniteDeMesure":"3.09 € / kg","fAfficherPrixParUniteMesure":true,"nrPVMesureBRIIDeduit":3.09,"sUrlVignetteProduit":"https://fd4-photos.leclercdrive.fr/image.ashx?id=1633334&use=l&cat=p&typeid=i","fEstBRIIActifEtDisponible":false,"fBriiAffichageSticker":false,"sUrlLogoBrii":"","sTexteLogoBRII":"Promotion BRII","sTexteTooltipLot":"","fEstVisiblePictoPromoTEL":false,"sCodeLotHeterogene":"","sUrlLogoTEL":"","sTexteLogoTel":"Promotion TEL","sLibellePictoAjouterProduit":"Ajouter au panier","sLibelleUrlNaviguerRayon":"Voir le rayon","iQuantitePanier":0,"rTotalAPayer":0.0,"sTotalAPayer":"0.00 €","sOrigineZoneDepeche":"&#39;  italie","fVoirRayon":false,"sUrlVoirRayon":"","eDisponibilite":0,"iIdElementPresentationPrincipale":284352,"fProduitSubstitution":false,"sTexteEcoParticipationPrix":"","fAppartientAUneListe":false,"sMsgHeaderPopinAuthen":"Vous devez être identifié(e) pour ajouter le produit à vos listes.","fAfficherTexteProduitIndispo":false,"sTexteProduitIndispo":"","sTexteProduitIndispoCarte":"","fGainsBRD":false,"eTypeProduit":1,"sUrlPageProduit":"https://fd4-courses.leclercdrive.fr/magasin-127811-Bois-dArcy/fiche-produits-47210-Pomme-de-terre-Bio.aspx","iQteMinPanier":0,"iQteMaxPanier":1000,"sIdUnique":"Produit47210"},"lstEnfants":[]},{"objElement":{"sNoPointLivraison":"127811","iIdProduit":11152,"iIdRayon":284323,"iIdFamille":284351,"niIdSousFamille":284352,"sType":"Produit","sId":"11152","niIdPhotoEnLigne":1660199,"eIncitationLot":0,"sIdUniqueRayon":"Rayon284323","iIdElementPresentation":284352,"sLibelleLigne1":"Pomme de terre Ratte du Touquet","sLibelleLigne2":"Nos R&#233;gions ont du Talent 1kg","iQteDisponible":22,"sPrixUnitaire":"2.99 €","fAfficherPrixUnitaire":true,"nrPVBRIIDeduit":2.99,"sPrixPromo":"2.99 €","sPrixParUniteDeMesure":"2.99 € / kg","fAfficherPrixParUniteMesure":true,"nrPVMesureBRIIDeduit":2.99,"sUrlVignetteProduit":"https://fd4-photos.leclercdrive.fr/image.ashx?id=1660199&use=l&cat=p&typeid=i","fEstBRIIActifEtDisponible":false,"fBriiAffichageSticker":false,"sUrlLogoBrii":"","sTexteLogoBRII":"Promotion BRII","sTexteTooltipLot":"","fEstVisiblePictoPromoTEL":false,"sCodeLotHeterogene":"","sUrlLogoTEL":"","sTexteLogoTel":"Promotion TEL","sLibellePictoAjouterProduit":"Ajouter au panier","sLibelleUrlNaviguerRayon":"Voir le rayon","iQuantitePanier":0,"rTotalAPayer":0.0,"sTotalAPayer":"0.00 €","sOrigineZoneDepeche":"France","fVoirRayon":false,"sUrlVoirRayon":"","eDisponibilite":0,"iIdElementPresentationPrincipale":284352,"fProduitSubstitution":false,"sTexteEcoParticipationPrix":"","fAppartientAUneListe":false,"sMsgHeaderPopinAuthen":"Vous devez être identifié(e) pour ajouter le produit à vos listes.","fAfficherTexteProduitIndispo":false,"sTexteProduitIndispo":"","sTexteProduitIndispoCarte":"","fGainsBRD":false,"eTypeProduit":1,"sUrlPageProduit":"https://fd4-courses.leclercdrive.fr/magasin-127811-Bois-dArcy/fiche-produits-11152-Pomme-de-terre-Ratte-du-Touquet.aspx","iQteMinPanier":0,"iQteMaxPanier":1000,"sIdUnique":"Produit11152"},"lstEnfants":[]},{"objElement":{"sNoPointLivraison":"127811","iIdProduit":8500,"iIdRayon":284323,"iIdFamille":284351,"niIdSousFamille":284352,"sType":"Produit","sId":"8500","niIdPhotoEnLigne":1658867,"eIncitationLot":0,"sIdUniqueRayon":"Rayon284323","iIdElementPresentation":284352,"sLibelleLigne1":"Pomme de terre de consommation","sLibelleLigne2":"Frites - 2.5kg","iQteDisponible":133,"sPrixUnitaire":"2.99 €","fAfficherPrixUnitaire":true,"nrPVBRIIDeduit":2.99,"sPrixPromo":"2.99 €","sPrixParUniteDeMesure":"1.20 € / kg","fAfficherPrixParUniteMesure":true,"nrPVMesureBRIIDeduit":1.20,"sUrlVignetteProduit":"https://fd4-photos.leclercdrive.fr/image.ashx?id=1658867&use=l&cat=p&typeid=i","fEstBRIIActifEtDisponible":false,"fBriiAffichageSticker":false,"sUrlLogoBrii":"","sTexteLogoBRII":"Promotion BRII","sTexteTooltipLot":"","fEstVisiblePictoPromoTEL":false,"sCodeLotHeterogene":"","sUrlLogoTEL":"","sTexteLogoTel":"Promotion TEL","sLibellePictoAjouterProduit":"Ajouter au panier","sLibelleUrlNaviguerRayon":"Voir le rayon","iQuantitePanier":0,"rTotalAPayer":0.0,"sTotalAPayer":"0.00 €","sOrigineZoneDepeche":"France","fVoirRayon":false,"sUrlVoirRayon":"","eDisponibilite":0,"iIdElementPresentationPrincipale":284352,"fProduitSubstitution":false,"sTexteEcoParticipationPrix":"","fAppartientAUneListe":false,"sMsgHeaderPopinAuthen":"Vous devez être identifié(e) pour ajouter le produit à vos listes.","fAfficherTexteProduitIndispo":false,"sTexteProduitIndispo":"","sTexteProduitIndispoCarte":"","fGainsBRD":false,"eTypeProduit":1,"sUrlPageProduit":"https://fd4-courses.leclercdrive.fr/magasin-127811-Bois-dArcy/fiche-produits-8500-Pomme-de-terre-de-consommation.aspx","iQteMinPanier":0,"iQteMaxPanier":1000,"sIdUnique":"Produit8500"},"lstEnfants":[]},{"objElement":{"sNoPointLivraison":"127811","iIdProduit":8497,"iIdRayon":284323,"iIdFamille":284351,"niIdSousFamille":284352,"sType":"Produit","sId":"8497","niIdPhotoEnLigne":1661218,"eIncitationLot":0,"sIdUniqueRayon":"Rayon284323","iIdElementPresentation":284352,"sLibelleLigne1":"Pomme de terre de consommation","sLibelleLigne2":"Four, pur&#233;e et potage - 2.5kg","iQteDisponible":97,"sPrixUnitaire":"2.79 €","fAfficherPrixUnitaire":true,"nrPVBRIIDeduit":2.79,"sPrixPromo":"2.79 €","sPrixParUniteDeMesure":"1.12 € / kg","fAfficherPrixParUniteMesure":true,"nrPVMesureBRIIDeduit":1.12,"sUrlVignetteProduit":"https://fd4-photos.leclercdrive.fr/image.ashx?id=1661218&use=l&cat=p&typeid=i","fEstBRIIActifEtDisponible":false,"fBriiAffichageSticker":false,"sUrlLogoBrii":"","sTexteLogoBRII":"Promotion BRII","sTexteTooltipLot":"","fEstVisiblePictoPromoTEL":false,"sCodeLotHeterogene":"","sUrlLogoTEL":"","sTexteLogoTel":"Promotion TEL","sLibellePictoAjouterProduit":"Ajouter au panier","sLibelleUrlNaviguerRayon":"Voir le rayon","iQuantitePanier":0,"rTotalAPayer":0.0,"sTotalAPayer":"0.00 €","sOrigineZoneDepeche":"France","fVoirRayon":false,"sUrlVoirRayon":"","eDisponibilite":0,"iIdElementPresentationPrincipale":284352,"fProduitSubstitution":false,"sTexteEcoParticipationPrix":"","fAppartientAUneListe":false,"sMsgHeaderPopinAuthen":"Vous devez être identifié(e) pour ajouter le produit à vos listes.","fAfficherTexteProduitIndispo":false,"sTexteProduitIndispo":"","sTexteProduitIndispoCarte":"","fGainsBRD":false,"eTypeProduit":1,"sUrlPageProduit":"https://fd4-courses.leclercdrive.fr/magasin-127811-Bois-dArcy/fiche-produits-8497-Pomme-de-terre-de-consommation.aspx","iQteMinPanier":0,"iQteMaxPanier":1000,"sIdUnique":"Produit8497"},"lstEnfants":[]},{"objElement":{"sNoPointLivraison":"127811","iIdProduit":8503,"iIdRayon":284323,"iIdFamille":284351,"niIdSousFamille":284352,"sType":"Produit","sId":"8503","niIdPhotoEnLigne":1658870,"eIncitationLot":0,"sIdUniqueRayon":"Rayon284323","iIdElementPresentation":284352,"sLibelleLigne1":"Pomme de terre de consommation","sLibelleLigne2":"Notre Jardin vapeur - 2.5kg","iQteDisponible":42,"sPrixUnitaire":"2.79 €","fAfficherPrixUnitaire":true,"nrPVBRIIDeduit":2.79,"sPrixPromo":"2.79 €","sPrixParUniteDeMesure":"1.12 € / kg","fAfficherPrixParUniteMesure":true,"nrPVMesureBRIIDeduit":1.12,"sUrlVignetteProduit":"https://fd4-photos.leclercdrive.fr/image.ashx?id=1658870&use=l&cat=p&typeid=i","fEstBRIIActifEtDisponible":false,"fBriiAffichageSticker":false,"sUrlLogoBrii":"","sTexteLogoBRII":"Promotion BRII","sTexteTooltipLot":"","fEstVisiblePictoPromoTEL":false,"sCodeLotHeterogene":"","sUrlLogoTEL":"","sTexteLogoTel":"Promotion TEL","sLibellePictoAjouterProduit":"Ajouter au panier","sLibelleUrlNaviguerRayon":"Voir le rayon","iQuantitePanier":0,"rTotalAPayer":0.0,"sTotalAPayer":"0.00 €","sOrigineZoneDepeche":"France","fVoirRayon":false,"sUrlVoirRayon":"","eDisponibilite":0,"iIdElementPresentationPrincipale":284352,"fProduitSubstitution":false,"sTexteEcoParticipationPrix":"","fAppartientAUneListe":false,"sMsgHeaderPopinAuthen":"Vous devez être identifié(e) pour ajouter le produit à vos listes.","fAfficherTexteProduitIndispo":false,"sTexteProduitIndispo":"","sTexteProduitIndispoCarte":"","fGainsBRD":false,"eTypeProduit":1,"sUrlPageProduit":"https://fd4-courses.leclercdrive.fr/magasin-127811-Bois-dArcy/fiche-produits-8503-Pomme-de-terre-de-consommation.aspx","iQteMinPanier":0,"iQteMaxPanier":1000,"sIdUnique":"Produit8503"},"lstEnfants":[]},{"objElement":{"sNoPointLivraison":"127811","iIdProduit":34991,"iIdRayon":284323,"iIdFamille":284351,"niIdSousFamille":284352,"sType":"Produit","sId":"34991","niIdPhotoEnLigne":1658885,"eIncitationLot":0,"sIdUniqueRayon":"Rayon284323","iIdElementPresentation":284352,"sLibelleLigne1":"Pomme de terre Notre Jardin","sLibelleLigne2":"Vapeur micro-ondable 1kg","iQteDisponible":15,"sPrixUnitaire":"1.89 €","fAfficherPrixUnitaire":true,"nrPVBRIIDeduit":1.89,"sPrixPromo":"1.89 €","sPrixParUniteDeMesure":"1.89 € / kg","fAfficherPrixParUniteMesure":true,"nrPVMesureBRIIDeduit":1.89,"sUrlVignetteProduit":"https://fd4-photos.leclercdrive.fr/image.ashx?id=1658885&use=l&cat=p&typeid=i","fEstBRIIActifEtDisponible":false,"fBriiAffichageSticker":false,"sUrlLogoBrii":"","sTexteLogoBRII":"Promotion BRII","sTexteTooltipLot":"","fEstVisiblePictoPromoTEL":false,"sCodeLotHeterogene":"","sUrlLogoTEL":"","sTexteLogoTel":"Promotion TEL","sLibellePictoAjouterProduit":"Ajouter au panier","sLibelleUrlNaviguerRayon":"Voir le rayon","iQuantitePanier":0,"rTotalAPayer":0.0,"sTotalAPayer":"0.00 €","sOrigineZoneDepeche":"France","fVoirRayon":false,"sUrlVoirRayon":"","eDisponibilite":0,"iIdElementPresentationPrincipale":284352,"fProduitSubstitution":false,"sTexteEcoParticipationPrix":"","fAppartientAUneListe":false,"sMsgHeaderPopinAuthen":"Vous devez être identifié(e) pour ajouter le produit à vos listes.","fAfficherTexteProduitIndispo":false,"sTexteProduitIndispo":"","sTexteProduitIndispoCarte":"","fGainsBRD":false,"eTypeProduit":1,"sUrlPageProduit":"https://fd4-courses.leclercdrive.fr/magasin-127811-Bois-dArcy/fiche-produits-34991-Pomme-de-terre-Notre-Jardin.aspx","iQteMinPanier":0,"iQteMaxPanier":1000,"sIdUnique":"Produit34991"},"lstEnfants":[]},{"objElement":{"sNoPointLivraison":"127811","iIdProduit":8087,"iIdRayon":284323,"iIdFamille":284351,"niIdSousFamille":284352,"sType":"Produit","sId":"8087","niIdPhotoEnLigne":1633070,"eIncitationLot":0,"sIdUniqueRayon":"Rayon284323","iIdElementPresentation":284352,"sLibelleLigne1":"Pomme de terre primeur","sLibelleLigne2":" 1kg           ","iQteDisponible":7,"sPrixUnitaire":"2.90 €","fAfficherPrixUnitaire":true,"nrPVBRIIDeduit":2.90,"sPrixPromo":"2.90 €","sPrixParUniteDeMesure":"2.90 € / kg","fAfficherPrixParUniteMesure":true,"nrPVMesureBRIIDeduit":2.90,"sUrlVignetteProduit":"https://fd4-photos.leclercdrive.fr/image.ashx?id=1633070&use=l&cat=p&typeid=i","fEstBRIIActifEtDisponible":false,"fBriiAffichageSticker":false,"sUrlLogoBrii":"","sTexteLogoBRII":"Promotion BRII","sTexteTooltipLot":"","fEstVisiblePictoPromoTEL":false,"sCodeLotHeterogene":"","sUrlLogoTEL":"","sTexteLogoTel":"Promotion TEL","sLibellePictoAjouterProduit":"Ajouter au panier","sLibelleUrlNaviguerRayon":"Voir le rayon","iQuantitePanier":0,"rTotalAPayer":0.0,"sTotalAPayer":"0.00 €","sOrigineZoneDepeche":"-france","fVoirRayon":false,"sUrlVoirRayon":"","eDisponibilite":0,"iIdElementPresentationPrincipale":284352,"fProduitSubstitution":false,"sTexteEcoParticipationPrix":"","fAppartientAUneListe":false,"sMsgHeaderPopinAuthen":"Vous devez être identifié(e) pour ajouter le produit à vos listes.","fAfficherTexteProduitIndispo":false,"sTexteProduitIndispo":"","sTexteProduitIndispoCarte":"","fGainsBRD":false,"eTypeProduit":1,"sUrlPageProduit":"https://fd4-courses.leclercdrive.fr/magasin-127811-Bois-dArcy/fiche-produits-8087-Pomme-de-terre-primeur.aspx","iQteMinPanier":0,"iQteMaxPanier":1000,"sIdUnique":"Produit8087"},"lstEnfants":[]},{"objElement":{"sNoPointLivraison":"127811","iIdProduit":50330,"iIdRayon":284323,"iIdFamille":284351,"niIdSousFamille":284352,"sType":"Produit","sId":"50330","niIdPhotoEnLigne":1633352,"eIncitationLot":0,"sIdUniqueRayon":"Rayon284323","iIdElementPresentation":284352,"sLibelleLigne1":"Pomme de terre de consommation","sLibelleLigne2":"Ratte du Touquet - 1kg","iQteDisponible":16,"sPrixUnitaire":"2.49 €","fAfficherPrixUnitaire":true,"nrPVBRIIDeduit":2.49,"sPrixPromo":"2.49 €","sPrixParUniteDeMesure":"2.49 € / kg","fAfficherPrixParUniteMesure":true,"nrPVMesureBRIIDeduit":2.49,"sUrlVignetteProduit":"https://fd4-photos.leclercdrive.fr/image.ashx?id=1633352&use=l&cat=p&typeid=i","fEstBRIIActifEtDisponible":false,"fBriiAffichageSticker":false,"sUrlLogoBrii":"","sTexteLogoBRII":"Promotion BRII","sTexteTooltipLot":"","fEstVisiblePictoPromoTEL":false,"sCodeLotHeterogene":"","sUrlLogoTEL":"","sTexteLogoTel":"Promotion TEL","sLibellePictoAjouterProduit":"Ajouter au panier","sLibelleUrlNaviguerRayon":"Voir le rayon","iQuantitePanier":0,"rTotalAPayer":0.0,"sTotalAPayer":"0.00 €","sOrigineZoneDepeche":"&#39;  france","fVoirRayon":false,"sUrlVoirRayon":"","eDisponibilite":0,"iIdElementPresentationPrincipale":284352,"fProduitSubstitution":false,"sTexteEcoParticipationPrix":"","fAppartientAUneListe":false,"sMsgHeaderPopinAuthen":"Vous devez être identifié(e) pour ajouter le produit à vos listes.","fAfficherTexteProduitIndispo":false,"sTexteProduitIndispo":"","sTexteProduitIndispoCarte":"","fGainsBRD":false,"eTypeProduit":1,"sUrlPageProduit":"https://fd4-courses.leclercdrive.fr/magasin-127811-Bois-dArcy/fiche-produits-50330-Pomme-de-terre-de-consommation.aspx","iQteMinPanier":0,"iQteMaxPanier":1000,"sIdUnique":"Produit50330"},"lstEnfants":[]},{"objElement":{"sNoPointLivraison":"127811","iIdProduit":32976,"iIdRayon":284323,"iIdFamille":284351,"niIdSousFamille":284352,"sType":"Produit","sId":"32976","niIdPhotoEnLigne":588142,"eIncitationLot":0,"sIdUniqueRayon":"Rayon284323","iIdElementPresentation":284352,"sLibelleLigne1":"Pomme de terre de consommation","sLibelleLigne2":"Agata 5kg           ","iQteDisponible":46,"sPrixUnitaire":"3.95 €","fAfficherPrixUnitaire":true,"nrPVBRIIDeduit":3.95,"sPrixPromo":"3.95 €","sPrixParUniteDeMesure":"0.79 € / kg","fAfficherPrixParUniteMesure":true,"nrPVMesureBRIIDeduit":0.79,"sUrlVignetteProduit":"https://fd4-photos.leclercdrive.fr/image.ashx?id=588142&use=l&cat=p&typeid=i","fEstBRIIActifEtDisponible":false,"fBriiAffichageSticker":false,"sUrlLogoBrii":"","sTexteLogoBRII":"Promotion BRII","sTexteTooltipLot":"","fEstVisiblePictoPromoTEL":false,"sCodeLotHeterogene":"","sUrlLogoTEL":"","sTexteLogoTel":"Promotion TEL","sLibellePictoAjouterProduit":"Ajouter au panier","sLibelleUrlNaviguerRayon":"Voir le rayon","iQuantitePanier":0,"rTotalAPayer":0.0,"sTotalAPayer":"0.00 €","sOrigineZoneDepeche":"France","fVoirRayon":false,"sUrlVoirRayon":"","eDisponibilite":0,"iIdElementPresentationPrincipale":284352,"fProduitSubstitution":false,"sTexteEcoParticipationPrix":"","fAppartientAUneListe":false,"sMsgHeaderPopinAuthen":"Vous devez être identifié(e) pour ajouter le produit à vos listes.","fAfficherTexteProduitIndispo":false,"sTexteProduitIndispo":"","sTexteProduitIndispoCarte":"","fGainsBRD":false,"eTypeProduit":1,"sUrlPageProduit":"https://fd4-courses.leclercdrive.fr/magasin-127811-Bois-dArcy/fiche-produits-32976-Pomme-de-terre-de-consommation.aspx","iQteMinPanier":0,"iQteMaxPanier":1000,"sIdUnique":"Produit32976"},"lstEnfants":[]},{"objElement":{"sNoPointLivraison":"127811","iIdProduit":34950,"iIdRayon":284323,"iIdFamille":284351,"niIdSousFamille":284352,"sType":"Produit","sId":"34950","niIdPhotoEnLigne":1658891,"eIncitationLot":0,"sIdUniqueRayon":"Rayon284323","iIdElementPresentation":284352,"sLibelleLigne1":"Pomme de terre Notre Jardin","sLibelleLigne2":"Four potage - 1kg","iQteDisponible":62,"sPrixUnitaire":"1.89 €","fAfficherPrixUnitaire":true,"nrPVBRIIDeduit":1.89,"sPrixPromo":"1.89 €","sPrixParUniteDeMesure":"1.89 € / kg","fAfficherPrixParUniteMesure":true,"nrPVMesureBRIIDeduit":1.89,"sUrlVignetteProduit":"https://fd4-photos.leclercdrive.fr/image.ashx?id=1658891&use=l&cat=p&typeid=i","fEstBRIIActifEtDisponible":false,"fBriiAffichageSticker":false,"sUrlLogoBrii":"","sTexteLogoBRII":"Promotion BRII","sTexteTooltipLot":"","fEstVisiblePictoPromoTEL":false,"sCodeLotHeterogene":"","sUrlLogoTEL":"","sTexteLogoTel":"Promotion TEL","sLibellePictoAjouterProduit":"Ajouter au panier","sLibelleUrlNaviguerRayon":"Voir le rayon","iQuantitePanier":0,"rTotalAPayer":0.0,"sTotalAPayer":"0.00 €","sOrigineZoneDepeche":"France","fVoirRayon":false,"sUrlVoirRayon":"","eDisponibilite":0,"iIdElementPresentationPrincipale":284352,"fProduitSubstitution":false,"sTexteEcoParticipationPrix":"","fAppartientAUneListe":false,"sMsgHeaderPopinAuthen":"Vous devez être identifié(e) pour ajouter le produit à vos listes.","fAfficherTexteProduitIndispo":false,"sTexteProduitIndispo":"","sTexteProduitIndispoCarte":"","fGainsBRD":false,"eTypeProduit":1,"sUrlPageProduit":"https://fd4-courses.leclercdrive.fr/magasin-127811-Bois-dArcy/fiche-produits-34950-Pomme-de-terre-Notre-Jardin.aspx","iQteMinPanier":0,"iQteMaxPanier":1000,"sIdUnique":"Produit34950"},"lstEnfants":[]},{"objElement":{"sNoPointLivraison":"127811","iIdProduit":28568,"iIdRayon":284323,"iIdFamille":284351,"niIdSousFamille":284352,"sType":"Produit","sId":"28568","niIdPhotoEnLigne":1631230,"eIncitationLot":0,"sIdUniqueRayon":"Rayon284323","iIdElementPresentation":284352,"sLibelleLigne1":"Pomme de terre de consommation","sLibelleLigne2":"Vitelotte - 1kg","iQteDisponible":8,"sPrixUnitaire":"2.49 €","fAfficherPrixUnitaire":true,"nrPVBRIIDeduit":2.49,"sPrixPromo":"2.49 €","sPrixParUniteDeMesure":"2.49 € / kg","fAfficherPrixParUniteMesure":true,"nrPVMesureBRIIDeduit":2.49,"sUrlVignetteProduit":"https://fd4-photos.leclercdrive.fr/image.ashx?id=1631230&use=l&cat=p&typeid=i","fEstBRIIActifEtDisponible":false,"fBriiAffichageSticker":false,"sUrlLogoBrii":"","sTexteLogoBRII":"Promotion BRII","sTexteTooltipLot":"","fEstVisiblePictoPromoTEL":false,"sCodeLotHeterogene":"","sUrlLogoTEL":"","sTexteLogoTel":"Promotion TEL","sLibellePictoAjouterProduit":"Ajouter au panier","sLibelleUrlNaviguerRayon":"Voir le rayon","iQuantitePanier":0,"rTotalAPayer":0.0,"sTotalAPayer":"0.00 €","sOrigineZoneDepeche":"-france","fVoirRayon":false,"sUrlVoirRayon":"","eDisponibilite":0,"iIdElementPresentationPrincipale":284352,"fProduitSubstitution":false,"sTexteEcoParticipationPrix":"","fAppartientAUneListe":false,"sMsgHeaderPopinAuthen":"Vous devez être identifié(e) pour ajouter le produit à vos listes.","fAfficherTexteProduitIndispo":false,"sTexteProduitIndispo":"","sTexteProduitIndispoCarte":"","fGainsBRD":false,"eTypeProduit":1,"sUrlPageProduit":"https://fd4-courses.leclercdrive.fr/magasin-127811-Bois-dArcy/fiche-produits-28568-Pomme-de-terre-de-consommation.aspx","iQteMinPanier":0,"iQteMaxPanier":1000,"sIdUnique":"Produit28568"},"lstEnfants":[]},{"objElement":{"sNoPointLivraison":"127811","iIdProduit":4518,"iIdRayon":284323,"iIdFamille":284351,"niIdSousFamille":284352,"sType":"Produit","sId":"4518","niIdPhotoEnLigne":1165484,"eIncitationLot":0,"sIdUniqueRayon":"Rayon284323","iIdElementPresentation":284352,"sLibelleLigne1":"Pomme de terre de consommation","sLibelleLigne2":"N.Jardin enti&#232;res, &#233;pluch. 500g","iQteDisponible":11,"sPrixUnitaire":"1.25 €","fAfficherPrixUnitaire":true,"nrPVBRIIDeduit":1.25,"sPrixPromo":"1.25 €","sPrixParUniteDeMesure":"2.50 € / kg","fAfficherPrixParUniteMesure":true,"nrPVMesureBRIIDeduit":2.50,"sUrlVignetteProduit":"https://fd4-photos.leclercdrive.fr/image.ashx?id=1165484&use=l&cat=p&typeid=i","fEstBRIIActifEtDisponible":false,"fBriiAffichageSticker":false,"sUrlLogoBrii":"","sTexteLogoBRII":"Promotion BRII","sTexteTooltipLot":"","fEstVisiblePictoPromoTEL":false,"sCodeLotHeterogene":"","sUrlLogoTEL":"","sTexteLogoTel":"Promotion TEL","sLibellePictoAjouterProduit":"Ajouter au panier","sLibelleUrlNaviguerRayon":"Voir le rayon","iQuantitePanier":0,"rTotalAPayer":0.0,"sTotalAPayer":"0.00 €","sOrigineZoneDepeche":"","fVoirRayon":false,"sUrlVoirRayon":"","eDisponibilite":0,"iIdElementPresentationPrincipale":284352,"fProduitSubstitution":false,"sTexteEcoParticipationPrix":"","fAppartientAUneListe":false,"sMsgHeaderPopinAuthen":"Vous devez être identifié(e) pour ajouter le produit à vos listes.","fAfficherTexteProduitIndispo":false,"sTexteProduitIndispo":"","sTexteProduitIndispoCarte":"","fGainsBRD":false,"eTypeProduit":1,"sUrlPageProduit":"https://fd4-courses.leclercdrive.fr/magasin-127811-Bois-dArcy/fiche-produits-4518-Pomme-de-terre-de-consommation.aspx","iQteMinPanier":0,"iQteMaxPanier":1000,"sIdUnique":"Produit4518"},"lstEnfants":[]},{"objElement":{"sNoPointLivraison":"127811","iIdProduit":27271,"iIdRayon":284323,"iIdFamille":284351,"niIdSousFamille":284352,"sType":"Produit","sId":"27271","niIdPhotoEnLigne":1632569,"eIncitationLot":0,"sIdUniqueRayon":"Rayon284323","iIdElementPresentation":284352,"sLibelleLigne1":"Patate douce","sLibelleLigne2":" 1 p           ","iQteDisponible":24,"sPrixUnitaire":"0.75 €","fAfficherPrixUnitaire":true,"nrPVBRIIDeduit":0.75,"sPrixPromo":"0.75 €","fAfficherPrixParUniteMesure":false,"sUrlVignetteProduit":"https://fd4-photos.leclercdrive.fr/image.ashx?id=1632569&use=l&cat=p&typeid=i","fEstBRIIActifEtDisponible":false,"fBriiAffichageSticker":false,"sUrlLogoBrii":"","sTexteLogoBRII":"Promotion BRII","sTexteTooltipLot":"","fEstVisiblePictoPromoTEL":false,"sCodeLotHeterogene":"","sUrlLogoTEL":"","sTexteLogoTel":"Promotion TEL","sLibellePictoAjouterProduit":"Ajouter au panier","sLibelleUrlNaviguerRayon":"Voir le rayon","iQuantitePanier":0,"rTotalAPayer":0.0,"sTotalAPayer":"0.00 €","sOrigineZoneDepeche":"Honduras","fVoirRayon":false,"sUrlVoirRayon":"","eDisponibilite":0,"iIdElementPresentationPrincipale":284352,"fProduitSubstitution":false,"sTexteEcoParticipationPrix":"","fAppartientAUneListe":false,"sMsgHeaderPopinAuthen":"Vous devez être identifié(e) pour ajouter le produit à vos listes.","fAfficherTexteProduitIndispo":false,"sTexteProduitIndispo":"","sTexteProduitIndispoCarte":"","fGainsBRD":false,"eTypeProduit":1,"sUrlPageProduit":"https://fd4-courses.leclercdrive.fr/magasin-127811-Bois-dArcy/fiche-produits-27271-Patate-douce.aspx","iQteMinPanier":0,"iQteMaxPanier":1000,"sIdUnique":"Produit27271"},"lstEnfants":[]},{"objElement":{"sNoPointLivraison":"127811","iIdProduit":2896,"iIdRayon":284323,"iIdFamille":284351,"niIdSousFamille":284352,"sType":"Produit","sId":"2896","niIdPhotoEnLigne":558004,"eIncitationLot":0,"sIdUniqueRayon":"Rayon284323","iIdElementPresentation":284352,"sLibelleLigne1":"Endive","sLibelleLigne2":" 1kg           ","iQteDisponible":15,"sPrixUnitaire":"2.30 €","fAfficherPrixUnitaire":true,"nrPVBRIIDeduit":2.30,"sPrixPromo":"2.30 €","sPrixParUniteDeMesure":"2.30 € / kg","fAfficherPrixParUniteMesure":true,"nrPVMesureBRIIDeduit":2.30,"sUrlVignetteProduit":"https://fd4-photos.leclercdrive.fr/image.ashx?id=558004&use=l&cat=p&typeid=i","fEstBRIIActifEtDisponible":false,"fBriiAffichageSticker":false,"sUrlLogoBrii":"","sTexteLogoBRII":"Promotion BRII","sTexteTooltipLot":"","fEstVisiblePictoPromoTEL":false,"sCodeLotHeterogene":"","sUrlLogoTEL":"","sTexteLogoTel":"Promotion TEL","sLibellePictoAjouterProduit":"Ajouter au panier","sLibelleUrlNaviguerRayon":"Voir le rayon","iQuantitePanier":0,"rTotalAPayer":0.0,"sTotalAPayer":"0.00 €","sOrigineZoneDepeche":"France","fVoirRayon":false,"sUrlVoirRayon":"","eDisponibilite":0,"iIdElementPresentationPrincipale":284352,"fProduitSubstitution":false,"sTexteEcoParticipationPrix":"","fAppartientAUneListe":false,"sMsgHeaderPopinAuthen":"Vous devez être identifié(e) pour ajouter le produit à vos listes.","fAfficherTexteProduitIndispo":false,"sTexteProduitIndispo":"","sTexteProduitIndispoCarte":"","fGainsBRD":false,"eTypeProduit":1,"sUrlPageProduit":"https://fd4-courses.leclercdrive.fr/magasin-127811-Bois-dArcy/fiche-produits-2896-Endive.aspx","iQteMinPanier":0,"iQteMaxPanier":1000,"sIdUnique":"Produit2896"},"lstEnfants":[]},{"objElement":{"sNoPointLivraison":"127811","iIdProduit":37364,"iIdRayon":284323,"iIdFamille":284351,"niIdSousFamille":284352,"sType":"Produit","sId":"37364","niIdPhotoEnLigne":612615,"eIncitationLot":0,"sIdUniqueRayon":"Rayon284323","iIdElementPresentation":284352,"sLibelleLigne1":"Endive perle du nord","sLibelleLigne2":"Sp&#233;cial salade x4","iQteDisponible":25,"sPrixUnitaire":"1.80 €","fAfficherPrixUnitaire":true,"nrPVBRIIDeduit":1.80,"sPrixPromo":"1.80 €","sPrixParUniteDeMesure":"0.45 € / p","fAfficherPrixParUniteMesure":true,"nrPVMesureBRIIDeduit":0.45,"sUrlVignetteProduit":"https://fd4-photos.leclercdrive.fr/image.ashx?id=612615&use=l&cat=p&typeid=i","fEstBRIIActifEtDisponible":false,"fBriiAffichageSticker":false,"sUrlLogoBrii":"","sTexteLogoBRII":"Promotion BRII","sTexteTooltipLot":"","fEstVisiblePictoPromoTEL":false,"sCodeLotHeterogene":"","sUrlLogoTEL":"","sTexteLogoTel":"Promotion TEL","sLibellePictoAjouterProduit":"Ajouter au panier","sLibelleUrlNaviguerRayon":"Voir le rayon","iQuantitePanier":0,"rTotalAPayer":0.0,"sTotalAPayer":"0.00 €","sOrigineZoneDepeche":"*france","fVoirRayon":false,"sUrlVoirRayon":"","eDisponibilite":0,"iIdElementPresentationPrincipale":284352,"fProduitSubstitution":false,"sTexteEcoParticipationPrix":"","fAppartientAUneListe":false,"sMsgHeaderPopinAuthen":"Vous devez être identifié(e) pour ajouter le produit à vos listes.","fAfficherTexteProduitIndispo":false,"sTexteProduitIndispo":"","sTexteProduitIndispoCarte":"","fGainsBRD":false,"eTypeProduit":1,"sUrlPageProduit":"https://fd4-courses.leclercdrive.fr/magasin-127811-Bois-dArcy/fiche-produits-37364-Endive-perle-du-nord.aspx","iQteMinPanier":0,"iQteMaxPanier":1000,"sIdUnique":"Produit37364"},"lstEnfants":[]},{"objElement":{"sNoPointLivraison":"127811","iIdProduit":18665,"iIdRayon":284323,"iIdFamille":284351,"niIdSousFamille":284352,"sType":"Produit","sId":"18665","niIdPhotoEnLigne":1604672,"eIncitationLot":0,"sIdUniqueRayon":"Rayon284323","iIdElementPresentation":284352,"sLibelleLigne1":"Endive rouge Perles du Nord","sLibelleLigne2":"Sp&#233;cial salade x4 400g","iQteDisponible":10,"sPrixUnitaire":"2.50 €","fAfficherPrixUnitaire":true,"nrPVBRIIDeduit":2.50,"sPrixPromo":"2.50 €","sPrixParUniteDeMesure":"6.25 € / kg","fAfficherPrixParUniteMesure":true,"nrPVMesureBRIIDeduit":6.25,"sUrlVignetteProduit":"https://fd4-photos.leclercdrive.fr/image.ashx?id=1604672&use=l&cat=p&typeid=i","fEstBRIIActifEtDisponible":false,"fBriiAffichageSticker":false,"sUrlLogoBrii":"","sTexteLogoBRII":"Promotion BRII","sTexteTooltipLot":"","fEstVisiblePictoPromoTEL":false,"sCodeLotHeterogene":"","sUrlLogoTEL":"","sTexteLogoTel":"Promotion TEL","sLibellePictoAjouterProduit":"Ajouter au panier","sLibelleUrlNaviguerRayon":"Voir le rayon","iQuantitePanier":0,"rTotalAPayer":0.0,"sTotalAPayer":"0.00 €","sOrigineZoneDepeche":"France","fVoirRayon":false,"sUrlVoirRayon":"","eDisponibilite":0,"iIdElementPresentationPrincipale":284352,"fProduitSubstitution":false,"sTexteEcoParticipationPrix":"","fAppartientAUneListe":false,"sMsgHeaderPopinAuthen":"Vous devez être identifié(e) pour ajouter le produit à vos listes.","fAfficherTexteProduitIndispo":false,"sTexteProduitIndispo":"","sTexteProduitIndispoCarte":"","fGainsBRD":false,"eTypeProduit":1,"sUrlPageProduit":"https://fd4-courses.leclercdrive.fr/magasin-127811-Bois-dArcy/fiche-produits-18665-Endive-rouge-Perles-du-Nord.aspx","iQteMinPanier":0,"iQteMaxPanier":1000,"sIdUnique":"Produit18665"},"lstEnfants":[]},{"objElement":{"sNoPointLivraison":"127811","iIdProduit":32663,"iIdRayon":284323,"iIdFamille":284351,"niIdSousFamille":284352,"sType":"Produit","sId":"32663","niIdPhotoEnLigne":641572,"eIncitationLot":0,"sIdUniqueRayon":"Rayon284323","iIdElementPresentation":284352,"sLibelleLigne1":"Endive &#224; braiser 4 pi&#232;ces","sLibelleLigne2":" 4p            ","iQteDisponible":80,"sPrixUnitaire":"0.99 €","fAfficherPrixUnitaire":true,"nrPVBRIIDeduit":0.99,"sPrixPromo":"0.99 €","sPrixParUniteDeMesure":"0.25 € / p","fAfficherPrixParUniteMesure":true,"nrPVMesureBRIIDeduit":0.25,"sUrlVignetteProduit":"https://fd4-photos.leclercdrive.fr/image.ashx?id=641572&use=l&cat=p&typeid=i","fEstBRIIActifEtDisponible":false,"fBriiAffichageSticker":false,"sUrlLogoBrii":"","sTexteLogoBRII":"Promotion BRII","sTexteTooltipLot":"","fEstVisiblePictoPromoTEL":false,"sCodeLotHeterogene":"","sUrlLogoTEL":"","sTexteLogoTel":"Promotion TEL","sLibellePictoAjouterProduit":"Ajouter au panier","sLibelleUrlNaviguerRayon":"Voir le rayon","iQuantitePanier":0,"rTotalAPayer":0.0,"sTotalAPayer":"0.00 €","sOrigineZoneDepeche":"France","fVoirRayon":false,"sUrlVoirRayon":"","eDisponibilite":0,"iIdElementPresentationPrincipale":284352,"fProduitSubstitution":false,"sTexteEcoParticipationPrix":"","fAppartientAUneListe":false,"sMsgHeaderPopinAuthen":"Vous devez être identifié(e) pour ajouter le produit à vos listes.","fAfficherTexteProduitIndispo":false,"sTexteProduitIndispo":"","sTexteProduitIndispoCarte":"","fGainsBRD":false,"eTypeProduit":1,"sUrlPageProduit":"https://fd4-courses.leclercdrive.fr/magasin-127811-Bois-dArcy/fiche-produits-32663-Endive-a-braiser-4-pieces.aspx","iQteMinPanier":0,"iQteMaxPanier":1000,"sIdUnique":"Produit32663"},"lstEnfants":[]},{"objElement":{"sNoPointLivraison":"127811","iIdProduit":75587,"iIdRayon":284323,"iIdFamille":284351,"niIdSousFamille":284352,"sType":"Produit","sId":"75587","niIdPhotoEnLigne":1432690,"eIncitationLot":0,"sIdUniqueRayon":"Rayon284323","iIdElementPresentation":284352,"sLibelleLigne1":"Oignon jaune Bio village","sLibelleLigne2":"1kg","iQteDisponible":16,"sPrixUnitaire":"2.49 €","fAfficherPrixUnitaire":true,"nrPVBRIIDeduit":2.49,"sPrixPromo":"2.49 €","sPrixParUniteDeMesure":"2.49 € / kg","fAfficherPrixParUniteMesure":true,"nrPVMesureBRIIDeduit":2.49,"sUrlVignetteProduit":"https://fd4-photos.leclercdrive.fr/image.ashx?id=1432690&use=l&cat=p&typeid=i","fEstBRIIActifEtDisponible":false,"fBriiAffichageSticker":false,"sUrlLogoBrii":"","sTexteLogoBRII":"Promotion BRII","sTexteTooltipLot":"","fEstVisiblePictoPromoTEL":false,"sCodeLotHeterogene":"","sUrlLogoTEL":"","sTexteLogoTel":"Promotion TEL","sLibellePictoAjouterProduit":"Ajouter au panier","sLibelleUrlNaviguerRayon":"Voir le rayon","iQuantitePanier":0,"rTotalAPayer":0.0,"sTotalAPayer":"0.00 €","sOrigineZoneDepeche":"&#39; france","fVoirRayon":false,"sUrlVoirRayon":"","eDisponibilite":0,"iIdElementPresentationPrincipale":284352,"fProduitSubstitution":false,"sTexteEcoParticipationPrix":"","fAppartientAUneListe":false,"sMsgHeaderPopinAuthen":"Vous devez être identifié(e) pour ajouter le produit à vos listes.","fAfficherTexteProduitIndispo":false,"sTexteProduitIndispo":"","sTexteProduitIndispoCarte":"","fGainsBRD":false,"eTypeProduit":1,"sUrlPageProduit":"https://fd4-courses.leclercdrive.fr/magasin-127811-Bois-dArcy/fiche-produits-75587-Oignon-jaune-Bio-village.aspx","iQteMinPanier":0,"iQteMaxPanier":1000,"sIdUnique":"Produit75587"},"lstEnfants":[]},{"objElement":{"sNoPointLivraison":"127811","iIdProduit":34670,"iIdRayon":284323,"iIdFamille":284351,"niIdSousFamille":284352,"sType":"Produit","sId":"34670","niIdPhotoEnLigne":761983,"eIncitationLot":0,"sIdUniqueRayon":"Rayon284323","iIdElementPresentation":284352,"sLibelleLigne1":"Oignon Notre Jardin","sLibelleLigne2":"A rissoler et &#224; mijoter 1kg","iQteDisponible":7,"sPrixUnitaire":"1.49 €","fAfficherPrixUnitaire":true,"nrPVBRIIDeduit":1.49,"sPrixPromo":"1.49 €","sPrixParUniteDeMesure":"1.49 € / kg","fAfficherPrixParUniteMesure":true,"nrPVMesureBRIIDeduit":1.49,"sUrlVignetteProduit":"https://fd4-photos.leclercdrive.fr/image.ashx?id=761983&use=l&cat=p&typeid=i","fEstBRIIActifEtDisponible":false,"fBriiAffichageSticker":false,"sUrlLogoBrii":"","sTexteLogoBRII":"Promotion BRII","sTexteTooltipLot":"","fEstVisiblePictoPromoTEL":false,"sCodeLotHeterogene":"","sUrlLogoTEL":"","sTexteLogoTel":"Promotion TEL","sLibellePictoAjouterProduit":"Ajouter au panier","sLibelleUrlNaviguerRayon":"Voir le rayon","iQuantitePanier":0,"rTotalAPayer":0.0,"sTotalAPayer":"0.00 €","sOrigineZoneDepeche":"France","fVoirRayon":false,"sUrlVoirRayon":"","eDisponibilite":0,"iIdElementPresentationPrincipale":284352,"fProduitSubstitution":false,"sTexteEcoParticipationPrix":"","fAppartientAUneListe":false,"sMsgHeaderPopinAuthen":"Vous devez être identifié(e) pour ajouter le produit à vos listes.","fAfficherTexteProduitIndispo":false,"sTexteProduitIndispo":"","sTexteProduitIndispoCarte":"","fGainsBRD":false,"eTypeProduit":1,"sUrlPageProduit":"https://fd4-courses.leclercdrive.fr/magasin-127811-Bois-dArcy/fiche-produits-34670-Oignon-Notre-Jardin.aspx","iQteMinPanier":0,"iQteMaxPanier":1000,"sIdUnique":"Produit34670"},"lstEnfants":[]},{"objElement":{"sNoPointLivraison":"127811","iIdProduit":2869,"iIdRayon":284323,"iIdFamille":284351,"niIdSousFamille":284352,"sType":"Produit","sId":"2869","niIdPhotoEnLigne":1632575,"eIncitationLot":0,"sIdUniqueRayon":"Rayon284323","iIdElementPresentation":284352,"sLibelleLigne1":"Oignon jaune","sLibelleLigne2":" 1kg           ","iQteDisponible":66,"sPrixUnitaire":"2.95 €","fAfficherPrixUnitaire":true,"nrPVBRIIDeduit":2.95,"sPrixPromo":"2.95 €","sPrixParUniteDeMesure":"2.95 € / kg","fAfficherPrixParUniteMesure":true,"nrPVMesureBRIIDeduit":2.95,"sUrlVignetteProduit":"https://fd4-photos.leclercdrive.fr/image.ashx?id=1632575&use=l&cat=p&typeid=i","fEstBRIIActifEtDisponible":false,"fBriiAffichageSticker":false,"sUrlLogoBrii":"","sTexteLogoBRII":"Promotion BRII","sTexteTooltipLot":"","fEstVisiblePictoPromoTEL":false,"sCodeLotHeterogene":"","sUrlLogoTEL":"","sTexteLogoTel":"Promotion TEL","sLibellePictoAjouterProduit":"Ajouter au panier","sLibelleUrlNaviguerRayon":"Voir le rayon","iQuantitePanier":0,"rTotalAPayer":0.0,"sTotalAPayer":"0.00 €","sOrigineZoneDepeche":"&#39; :france","fVoirRayon":false,"sUrlVoirRayon":"","eDisponibilite":0,"iIdElementPresentationPrincipale":284352,"fProduitSubstitution":false,"sTexteEcoParticipationPrix":"","fAppartientAUneListe":false,"sMsgHeaderPopinAuthen":"Vous devez être identifié(e) pour ajouter le produit à vos listes.","fAfficherTexteProduitIndispo":false,"sTexteProduitIndispo":"","sTexteProduitIndispoCarte":"","fGainsBRD":false,"eTypeProduit":1,"sUrlPageProduit":"https://fd4-courses.leclercdrive.fr/magasin-127811-Bois-dArcy/fiche-produits-2869-Oignon-jaune.aspx","iQteMinPanier":0,"iQteMaxPanier":1000,"sIdUnique":"Produit2869"},"lstEnfants":[]},{"objElement":{"sNoPointLivraison":"127811","iIdProduit":71752,"iIdRayon":284323,"iIdFamille":284351,"niIdSousFamille":284352,"sType":"Produit","sId":"71752","niIdPhotoEnLigne":1631355,"eIncitationLot":0,"sIdUniqueRayon":"Rayon284323","iIdElementPresentation":284352,"sLibelleLigne1":"Oignon botte","sLibelleLigne2":"1 pi&#233;ce","iQteDisponible":5,"sPrixUnitaire":"1.95 €","fAfficherPrixUnitaire":true,"nrPVBRIIDeduit":1.95,"sPrixPromo":"1.95 €","fAfficherPrixParUniteMesure":false,"sUrlVignetteProduit":"https://fd4-photos.leclercdrive.fr/image.ashx?id=1631355&use=l&cat=p&typeid=i","fEstBRIIActifEtDisponible":false,"fBriiAffichageSticker":false,"sUrlLogoBrii":"","sTexteLogoBRII":"Promotion BRII","sTexteTooltipLot":"","fEstVisiblePictoPromoTEL":false,"sCodeLotHeterogene":"","sUrlLogoTEL":"","sTexteLogoTel":"Promotion TEL","sLibellePictoAjouterProduit":"Ajouter au panier","sLibelleUrlNaviguerRayon":"Voir le rayon","iQuantitePanier":0,"rTotalAPayer":0.0,"sTotalAPayer":"0.00 €","sOrigineZoneDepeche":"&quot;france","fVoirRayon":false,"sUrlVoirRayon":"","eDisponibilite":0,"iIdElementPresentationPrincipale":284352,"fProduitSubstitution":false,"sTexteEcoParticipationPrix":"","fAppartientAUneListe":false,"sMsgHeaderPopinAuthen":"Vous devez être identifié(e) pour ajouter le produit à vos listes.","fAfficherTexteProduitIndispo":false,"sTexteProduitIndispo":"","sTexteProduitIndispoCarte":"","fGainsBRD":false,"eTypeProduit":1,"sUrlPageProduit":"https://fd4-courses.leclercdrive.fr/magasin-127811-Bois-dArcy/fiche-produits-71752-Oignon-botte.aspx","iQteMinPanier":0,"iQteMaxPanier":1000,"sIdUnique":"Produit71752"},"lstEnfants":[]},{"objElement":{"sNoPointLivraison":"127811","iIdProduit":72007,"iIdRayon":284323,"iIdFamille":284351,"niIdSousFamille":284352,"sType":"Produit","sId":"72007","niIdPhotoEnLigne":1573748,"eIncitationLot":0,"sIdUniqueRayon":"Rayon284323","iIdElementPresentation":284352,"sLibelleLigne1":"Oignon Rouge Biologique","sLibelleLigne2":"Cal 40/60, 500g","iQteDisponible":42,"sPrixUnitaire":"2.95 €","fAfficherPrixUnitaire":true,"nrPVBRIIDeduit":2.95,"sPrixPromo":"2.95 €","sPrixParUniteDeMesure":"0.01 € / cgr","fAfficherPrixParUniteMesure":true,"nrPVMesureBRIIDeduit":0.01,"sUrlVignetteProduit":"https://fd4-photos.leclercdrive.fr/image.ashx?id=1573748&use=l&cat=p&typeid=i","fEstBRIIActifEtDisponible":false,"fBriiAffichageSticker":false,"sUrlLogoBrii":"","sTexteLogoBRII":"Promotion BRII","sTexteTooltipLot":"","fEstVisiblePictoPromoTEL":false,"sCodeLotHeterogene":"","sUrlLogoTEL":"","sTexteLogoTel":"Promotion TEL","sLibellePictoAjouterProduit":"Ajouter au panier","sLibelleUrlNaviguerRayon":"Voir le rayon","iQuantitePanier":0,"rTotalAPayer":0.0,"sTotalAPayer":"0.00 €","sOrigineZoneDepeche":"","fVoirRayon":false,"sUrlVoirRayon":"","eDisponibilite":0,"iIdElementPresentationPrincipale":284352,"fProduitSubstitution":false,"sTexteEcoParticipationPrix":"","fAppartientAUneListe":false,"sMsgHeaderPopinAuthen":"Vous devez être identifié(e) pour ajouter le produit à vos listes.","fAfficherTexteProduitIndispo":false,"sTexteProduitIndispo":"","sTexteProduitIndispoCarte":"","fGainsBRD":false,"eTypeProduit":1,"sUrlPageProduit":"https://fd4-courses.leclercdrive.fr/magasin-127811-Bois-dArcy/fiche-produits-72007-Oignon-Rouge-Biologique.aspx","iQteMinPanier":0,"iQteMaxPanier":1000,"sIdUnique":"Produit72007"},"lstEnfants":[]},{"objElement":{"sNoPointLivraison":"127811","iIdProduit":27323,"iIdRayon":284323,"iIdFamille":284351,"niIdSousFamille":284352,"sType":"Produit","sId":"27323","niIdPhotoEnLigne":1634297,"eIncitationLot":0,"sIdUniqueRayon":"Rayon284323","iIdElementPresentation":284352,"sLibelleLigne1":"Haricot vert","sLibelleLigne2":" 500g          ","iQteDisponible":1,"sPrixUnitaire":"2.95 €","fAfficherPrixUnitaire":true,"nrPVBRIIDeduit":2.95,"sPrixPromo":"2.95 €","sPrixParUniteDeMesure":"5.90 € / kg","fAfficherPrixParUniteMesure":true,"nrPVMesureBRIIDeduit":5.90,"sUrlVignetteProduit":"https://fd4-photos.leclercdrive.fr/image.ashx?id=1634297&use=l&cat=p&typeid=i","fEstBRIIActifEtDisponible":false,"fBriiAffichageSticker":false,"sUrlLogoBrii":"","sTexteLogoBRII":"Promotion BRII","sTexteTooltipLot":"","fEstVisiblePictoPromoTEL":false,"sCodeLotHeterogene":"","sUrlLogoTEL":"","sTexteLogoTel":"Promotion TEL","sLibellePictoAjouterProduit":"Ajouter au panier","sLibelleUrlNaviguerRayon":"Voir le rayon","iQuantitePanier":0,"rTotalAPayer":0.0,"sTotalAPayer":"0.00 €","sOrigineZoneDepeche":"&#39;  maroc","fVoirRayon":false,"sUrlVoirRayon":"","eDisponibilite":0,"iIdElementPresentationPrincipale":284352,"fProduitSubstitution":false,"sTexteEcoParticipationPrix":"","fAppartientAUneListe":false,"sMsgHeaderPopinAuthen":"Vous devez être identifié(e) pour ajouter le produit à vos listes.","fAfficherTexteProduitIndispo":false,"sTexteProduitIndispo":"","sTexteProduitIndispoCarte":"","fGainsBRD":false,"eTypeProduit":1,"sUrlPageProduit":"https://fd4-courses.leclercdrive.fr/magasin-127811-Bois-dArcy/fiche-produits-27323-Haricot-vert.aspx","iQteMinPanier":0,"iQteMaxPanier":1000,"sIdUnique":"Produit27323"},"lstEnfants":[]},{"objElement":{"sNoPointLivraison":"127811","iIdProduit":59835,"iIdRayon":284323,"iIdFamille":284351,"niIdSousFamille":284352,"sType":"Produit","sId":"59835","niIdPhotoEnLigne":1138446,"eIncitationLot":0,"sIdUniqueRayon":"Rayon284323","iIdElementPresentation":284352,"sLibelleLigne1":"Haricots verts &#233;bout&#233;s","sLibelleLigne2":" 250g          ","iQteDisponible":18,"sPrixUnitaire":"1.49 €","fAfficherPrixUnitaire":true,"nrPVBRIIDeduit":1.49,"sPrixPromo":"1.49 €","sPrixParUniteDeMesure":"5.96 € / kg","fAfficherPrixParUniteMesure":true,"nrPVMesureBRIIDeduit":5.96,"sUrlVignetteProduit":"https://fd4-photos.leclercdrive.fr/image.ashx?id=1138446&use=l&cat=p&typeid=i","fEstBRIIActifEtDisponible":false,"fBriiAffichageSticker":false,"sUrlLogoBrii":"","sTexteLogoBRII":"Promotion BRII","sTexteTooltipLot":"","fEstVisiblePictoPromoTEL":false,"sCodeLotHeterogene":"","sUrlLogoTEL":"","sTexteLogoTel":"Promotion TEL","sLibellePictoAjouterProduit":"Ajouter au panier","sLibelleUrlNaviguerRayon":"Voir le rayon","iQuantitePanier":0,"rTotalAPayer":0.0,"sTotalAPayer":"0.00 €","sOrigineZoneDepeche":"&#39;kenya","fVoirRayon":false,"sUrlVoirRayon":"","eDisponibilite":0,"iIdElementPresentationPrincipale":284352,"fProduitSubstitution":false,"sTexteEcoParticipationPrix":"","fAppartientAUneListe":false,"sMsgHeaderPopinAuthen":"Vous devez être identifié(e) pour ajouter le produit à vos listes.","fAfficherTexteProduitIndispo":false,"sTexteProduitIndispo":"","sTexteProduitIndispoCarte":"","fGainsBRD":false,"eTypeProduit":1,"sUrlPageProduit":"https://fd4-courses.leclercdrive.fr/magasin-127811-Bois-dArcy/fiche-produits-59835-Haricots-verts-eboutes.aspx","iQteMinPanier":0,"iQteMaxPanier":1000,"sIdUnique":"Produit59835"},"lstEnfants":[]},{"objElement":{"sNoPointLivraison":"127811","iIdProduit":8511,"iIdRayon":284323,"iIdFamille":284351,"niIdSousFamille":284352,"sType":"Produit","sId":"8511","niIdPhotoEnLigne":752804,"eIncitationLot":0,"sIdUniqueRayon":"Rayon284323","iIdElementPresentation":284352,"sLibelleLigne1":"Haricots verts &#233;bout&#233;s","sLibelleLigne2":" 500g          ","iQteDisponible":7,"sPrixUnitaire":"3.95 €","fAfficherPrixUnitaire":true,"nrPVBRIIDeduit":3.95,"sPrixPromo":"3.95 €","sPrixParUniteDeMesure":"7.90 € / kg","fAfficherPrixParUniteMesure":true,"nrPVMesureBRIIDeduit":7.90,"sUrlVignetteProduit":"https://fd4-photos.leclercdrive.fr/image.ashx?id=752804&use=l&cat=p&typeid=i","fEstBRIIActifEtDisponible":false,"fBriiAffichageSticker":false,"sUrlLogoBrii":"","sTexteLogoBRII":"Promotion BRII","sTexteTooltipLot":"","fEstVisiblePictoPromoTEL":false,"sCodeLotHeterogene":"","sUrlLogoTEL":"","sTexteLogoTel":"Promotion TEL","sLibellePictoAjouterProduit":"Ajouter au panier","sLibelleUrlNaviguerRayon":"Voir le rayon","iQuantitePanier":0,"rTotalAPayer":0.0,"sTotalAPayer":"0.00 €","sOrigineZoneDepeche":"Kenya","fVoirRayon":false,"sUrlVoirRayon":"","eDisponibilite":0,"iIdElementPresentationPrincipale":284352,"fProduitSubstitution":false,"sTexteEcoParticipationPrix":"","fAppartientAUneListe":false,"sMsgHeaderPopinAuthen":"Vous devez être identifié(e) pour ajouter le produit à vos listes.","fAfficherTexteProduitIndispo":false,"sTexteProduitIndispo":"","sTexteProduitIndispoCarte":"","fGainsBRD":false,"eTypeProduit":1,"sUrlPageProduit":"https://fd4-courses.leclercdrive.fr/magasin-127811-Bois-dArcy/fiche-produits-8511-Haricots-verts-eboutes.aspx","iQteMinPanier":0,"iQteMaxPanier":1000,"sIdUnique":"Produit8511"},"lstEnfants":[]},{"objElement":{"sNoPointLivraison":"127811","iIdProduit":6686,"iIdRayon":284323,"iIdFamille":284351,"niIdSousFamille":284352,"sType":"Produit","sId":"6686","niIdPhotoEnLigne":578701,"eIncitationLot":0,"sIdUniqueRayon":"Rayon284323","iIdElementPresentation":284352,"sLibelleLigne1":"Haricot Coco","sLibelleLigne2":" 500g          ","iQteDisponible":12,"sPrixUnitaire":"1.95 €","fAfficherPrixUnitaire":true,"nrPVBRIIDeduit":1.95,"sPrixPromo":"1.95 €","sPrixParUniteDeMesure":"3.90 € / kg","fAfficherPrixParUniteMesure":true,"nrPVMesureBRIIDeduit":3.90,"sUrlVignetteProduit":"https://fd4-photos.leclercdrive.fr/image.ashx?id=578701&use=l&cat=p&typeid=i","fEstBRIIActifEtDisponible":false,"fBriiAffichageSticker":false,"sUrlLogoBrii":"","sTexteLogoBRII":"Promotion BRII","sTexteTooltipLot":"","fEstVisiblePictoPromoTEL":false,"sCodeLotHeterogene":"","sUrlLogoTEL":"","sTexteLogoTel":"Promotion TEL","sLibellePictoAjouterProduit":"Ajouter au panier","sLibelleUrlNaviguerRayon":"Voir le rayon","iQuantitePanier":0,"rTotalAPayer":0.0,"sTotalAPayer":"0.00 €","sOrigineZoneDepeche":"-maroc","fVoirRayon":false,"sUrlVoirRayon":"","eDisponibilite":0,"iIdElementPresentationPrincipale":284352,"fProduitSubstitution":false,"sTexteEcoParticipationPrix":"","fAppartientAUneListe":false,"sMsgHeaderPopinAuthen":"Vous devez être identifié(e) pour ajouter le produit à vos listes.","fAfficherTexteProduitIndispo":false,"sTexteProduitIndispo":"","sTexteProduitIndispoCarte":"","fGainsBRD":false,"eTypeProduit":1,"sUrlPageProduit":"https://fd4-courses.leclercdrive.fr/magasin-127811-Bois-dArcy/fiche-produits-6686-Haricot-Coco.aspx","iQteMinPanier":0,"iQteMaxPanier":1000,"sIdUnique":"Produit6686"},"lstEnfants":[]},{"objElement":{"sNoPointLivraison":"127811","iIdProduit":11608,"iIdRayon":284323,"iIdFamille":284351,"niIdSousFamille":284352,"sType":"Produit","sId":"11608","niIdPhotoEnLigne":588977,"eIncitationLot":0,"sIdUniqueRayon":"Rayon284323","iIdElementPresentation":284352,"sLibelleLigne1":"Brocolis Bio","sLibelleLigne2":" 500g          ","iQteDisponible":15,"sPrixUnitaire":"2.50 €","fAfficherPrixUnitaire":true,"nrPVBRIIDeduit":2.50,"sPrixPromo":"2.50 €","sPrixParUniteDeMesure":"5.00 € / kg","fAfficherPrixParUniteMesure":true,"nrPVMesureBRIIDeduit":5.00,"sUrlVignetteProduit":"https://fd4-photos.leclercdrive.fr/image.ashx?id=588977&use=l&cat=p&typeid=i","fEstBRIIActifEtDisponible":false,"fBriiAffichageSticker":false,"sUrlLogoBrii":"","sTexteLogoBRII":"Promotion BRII","sTexteTooltipLot":"","fEstVisiblePictoPromoTEL":false,"sCodeLotHeterogene":"","sUrlLogoTEL":"","sTexteLogoTel":"Promotion TEL","sLibellePictoAjouterProduit":"Ajouter au panier","sLibelleUrlNaviguerRayon":"Voir le rayon","iQuantitePanier":0,"rTotalAPayer":0.0,"sTotalAPayer":"0.00 €","sOrigineZoneDepeche":"-italie","fVoirRayon":false,"sUrlVoirRayon":"","eDisponibilite":0,"iIdElementPresentationPrincipale":284352,"fProduitSubstitution":false,"sTexteEcoParticipationPrix":"","fAppartientAUneListe":false,"sMsgHeaderPopinAuthen":"Vous devez être identifié(e) pour ajouter le produit à vos listes.","fAfficherTexteProduitIndispo":false,"sTexteProduitIndispo":"","sTexteProduitIndispoCarte":"","fGainsBRD":false,"eTypeProduit":1,"sUrlPageProduit":"https://fd4-courses.leclercdrive.fr/magasin-127811-Bois-dArcy/fiche-produits-11608-Brocolis-Bio.aspx","iQteMinPanier":0,"iQteMaxPanier":1000,"sIdUnique":"Produit11608"},"lstEnfants":[]},{"objElement":{"sNoPointLivraison":"127811","iIdProduit":40337,"iIdRayon":284323,"iIdFamille":284351,"niIdSousFamille":284352,"sType":"Produit","sId":"40337","niIdPhotoEnLigne":797475,"eIncitationLot":0,"sIdUniqueRayon":"Rayon284323","iIdElementPresentation":284430,"sLibelleLigne1":"Morilles d&#233;shydrat&#233;es ","sLibelleLigne2":"Notre Jardin pot 30g","iQteDisponible":14,"sPrixUnitaire":"11.47 €","fAfficherPrixUnitaire":true,"nrPVBRIIDeduit":11.47,"sPrixPromo":"11.47 €","sPrixParUniteDeMesure":"382.33 € / kg","fAfficherPrixParUniteMesure":true,"nrPVMesureBRIIDeduit":382.33,"sUrlVignetteProduit":"https://fd4-photos.leclercdrive.fr/image.ashx?id=797475&use=l&cat=p&typeid=i","fEstBRIIActifEtDisponible":false,"fBriiAffichageSticker":false,"sUrlLogoBrii":"","sTexteLogoBRII":"Promotion BRII","sTexteTooltipLot":"","fEstVisiblePictoPromoTEL":false,"sCodeLotHeterogene":"","sUrlLogoTEL":"","sTexteLogoTel":"Promotion TEL","sLibellePictoAjouterProduit":"Ajouter au panier","sLibelleUrlNaviguerRayon":"Voir le rayon","iQuantitePanier":0,"rTotalAPayer":0.0,"sTotalAPayer":"0.00 €","sOrigineZoneDepeche":"","fVoirRayon":false,"sUrlVoirRayon":"","eDisponibilite":0,"iIdElementPresentationPrincipale":284430,"fProduitSubstitution":false,"sTexteEcoParticipationPrix":"","fAppartientAUneListe":false,"sMsgHeaderPopinAuthen":"Vous devez être identifié(e) pour ajouter le produit à vos listes.","fAfficherTexteProduitIndispo":false,"sTexteProduitIndispo":"","sTexteProduitIndispoCarte":"","fGainsBRD":false,"eTypeProduit":1,"sUrlPageProduit":"https://fd4-courses.leclercdrive.fr/magasin-127811-Bois-dArcy/fiche-produits-40337-Morilles-deshydratees-.aspx","iQteMinPanier":0,"iQteMaxPanier":1000,"sIdUnique":"Produit40337"},"lstEnfants":[]},{"objElement":{"sNoPointLivraison":"127811","iIdProduit":40335,"iIdRayon":284323,"iIdFamille":284351,"niIdSousFamille":284352,"sType":"Produit","sId":"40335","niIdPhotoEnLigne":770126,"eIncitationLot":0,"sIdUniqueRayon":"Rayon284323","iIdElementPresentation":284430,"sLibelleLigne1":"M&#233;lange forestier Notre Jardin","sLibelleLigne2":"D&#233;shydrat&#233; 30g","iQteDisponible":18,"sPrixUnitaire":"1.53 €","fAfficherPrixUnitaire":true,"nrPVBRIIDeduit":1.53,"sPrixPromo":"1.53 €","sPrixParUniteDeMesure":"51.00 € / kg","fAfficherPrixParUniteMesure":true,"nrPVMesureBRIIDeduit":51.00,"sUrlVignetteProduit":"https://fd4-photos.leclercdrive.fr/image.ashx?id=770126&use=l&cat=p&typeid=i","fEstBRIIActifEtDisponible":false,"fBriiAffichageSticker":false,"sUrlLogoBrii":"","sTexteLogoBRII":"Promotion BRII","sTexteTooltipLot":"","fEstVisiblePictoPromoTEL":false,"sCodeLotHeterogene":"","sUrlLogoTEL":"","sTexteLogoTel":"Promotion TEL","sLibellePictoAjouterProduit":"Ajouter au panier","sLibelleUrlNaviguerRayon":"Voir le rayon","iQuantitePanier":0,"rTotalAPayer":0.0,"sTotalAPayer":"0.00 €","sOrigineZoneDepeche":"","fVoirRayon":false,"sUrlVoirRayon":"","eDisponibilite":0,"iIdElementPresentationPrincipale":284430,"fProduitSubstitution":false,"sTexteEcoParticipationPrix":"","fAppartientAUneListe":false,"sMsgHeaderPopinAuthen":"Vous devez être identifié(e) pour ajouter le produit à vos listes.","fAfficherTexteProduitIndispo":false,"sTexteProduitIndispo":"","sTexteProduitIndispoCarte":"","fGainsBRD":false,"eTypeProduit":1,"sUrlPageProduit":"https://fd4-courses.leclercdrive.fr/magasin-127811-Bois-dArcy/fiche-produits-40335-Melange-forestier-Notre-Jardin.aspx","iQteMinPanier":0,"iQteMaxPanier":1000,"sIdUnique":"Produit40335"},"lstEnfants":[]},{"objElement":{"sNoPointLivraison":"127811","iIdProduit":53480,"iIdRayon":284323,"iIdFamille":284351,"niIdSousFamille":284352,"sType":"Produit","sId":"53480","niIdPhotoEnLigne":1475032,"eIncitationLot":0,"sIdUniqueRayon":"Rayon284323","iIdElementPresentation":284352,"sLibelleLigne1":"Champignon Paris Notre Jardin","sLibelleLigne2":"500g","iQteDisponible":39,"sPrixUnitaire":"1.99 €","fAfficherPrixUnitaire":true,"nrPVBRIIDeduit":1.99,"sPrixPromo":"1.99 €","sPrixParUniteDeMesure":"3.98 € / kg","fAfficherPrixParUniteMesure":true,"nrPVMesureBRIIDeduit":3.98,"sUrlVignetteProduit":"https://fd4-photos.leclercdrive.fr/image.ashx?id=1475032&use=l&cat=p&typeid=i","fEstBRIIActifEtDisponible":false,"fBriiAffichageSticker":false,"sUrlLogoBrii":"","sTexteLogoBRII":"Promotion BRII","sTexteTooltipLot":"","fEstVisiblePictoPromoTEL":false,"sCodeLotHeterogene":"","sUrlLogoTEL":"","sTexteLogoTel":"Promotion TEL","sLibellePictoAjouterProduit":"Ajouter au panier","sLibelleUrlNaviguerRayon":"Voir le rayon","iQuantitePanier":0,"rTotalAPayer":0.0,"sTotalAPayer":"0.00 €","sOrigineZoneDepeche":"*france","fVoirRayon":false,"sUrlVoirRayon":"","eDisponibilite":0,"iIdElementPresentationPrincipale":284352,"fProduitSubstitution":false,"sTexteEcoParticipationPrix":"","fAppartientAUneListe":false,"sMsgHeaderPopinAuthen":"Vous devez être identifié(e) pour ajouter le produit à vos listes.","fAfficherTexteProduitIndispo":false,"sTexteProduitIndispo":"","sTexteProduitIndispoCarte":"","fGainsBRD":false,"eTypeProduit":1,"sUrlPageProduit":"https://fd4-courses.leclercdrive.fr/magasin-127811-Bois-dArcy/fiche-produits-53480-Champignon-Paris-Notre-Jardin.aspx","iQteMinPanier":0,"iQteMaxPanier":1000,"sIdUnique":"Produit53480"},"lstEnfants":[]},{"objElement":{"sNoPointLivraison":"127811","iIdProduit":4705,"iIdRayon":284323,"iIdFamille":284351,"niIdSousFamille":284352,"sType":"Produit","sId":"4705","niIdPhotoEnLigne":1631898,"eIncitationLot":0,"sIdUniqueRayon":"Rayon284323","iIdElementPresentation":284352,"sLibelleLigne1":"Champignon de Paris Barquette","sLibelleLigne2":" 500g          ","iQteDisponible":19,"sPrixUnitaire":"1.98 €","fAfficherPrixUnitaire":true,"nrPVBRIIDeduit":1.98,"sPrixPromo":"1.98 €","sPrixParUniteDeMesure":"3.96 € / kg","fAfficherPrixParUniteMesure":true,"nrPVMesureBRIIDeduit":3.96,"sUrlVignetteProduit":"https://fd4-photos.leclercdrive.fr/image.ashx?id=1631898&use=l&cat=p&typeid=i","fEstBRIIActifEtDisponible":false,"fBriiAffichageSticker":false,"sUrlLogoBrii":"","sTexteLogoBRII":"Promotion BRII","sTexteTooltipLot":"","fEstVisiblePictoPromoTEL":false,"sCodeLotHeterogene":"","sUrlLogoTEL":"","sTexteLogoTel":"Promotion TEL","sLibellePictoAjouterProduit":"Ajouter au panier","sLibelleUrlNaviguerRayon":"Voir le rayon","iQuantitePanier":0,"rTotalAPayer":0.0,"sTotalAPayer":"0.00 €","sOrigineZoneDepeche":"Pologne","fVoirRayon":false,"sUrlVoirRayon":"","eDisponibilite":0,"iIdElementPresentationPrincipale":284352,"fProduitSubstitution":false,"sTexteEcoParticipationPrix":"","fAppartientAUneListe":false,"sMsgHeaderPopinAuthen":"Vous devez être identifié(e) pour ajouter le produit à vos listes.","fAfficherTexteProduitIndispo":false,"sTexteProduitIndispo":"","sTexteProduitIndispoCarte":"","fGainsBRD":false,"eTypeProduit":1,"sUrlPageProduit":"https://fd4-courses.leclercdrive.fr/magasin-127811-Bois-dArcy/fiche-produits-4705-Champignon-de-Paris-Barquette.aspx","iQteMinPanier":0,"iQteMaxPanier":1000,"sIdUnique":"Produit4705"},"lstEnfants":[]},{"objElement":{"sNoPointLivraison":"127811","iIdProduit":5683,"iIdRayon":284323,"iIdFamille":284351,"niIdSousFamille":284352,"sType":"Produit","sId":"5683","niIdPhotoEnLigne":1631910,"eIncitationLot":0,"sIdUniqueRayon":"Rayon284323","iIdElementPresentation":284352,"sLibelleLigne1":"Champignon de Paris","sLibelleLigne2":" 250g          ","iQteDisponible":27,"sPrixUnitaire":"0.99 €","fAfficherPrixUnitaire":true,"nrPVBRIIDeduit":0.99,"sPrixPromo":"0.99 €","sPrixParUniteDeMesure":"3.96 € / kg","fAfficherPrixParUniteMesure":true,"nrPVMesureBRIIDeduit":3.96,"sUrlVignetteProduit":"https://fd4-photos.leclercdrive.fr/image.ashx?id=1631910&use=l&cat=p&typeid=i","fEstBRIIActifEtDisponible":false,"fBriiAffichageSticker":false,"sUrlLogoBrii":"","sTexteLogoBRII":"Promotion BRII","sTexteTooltipLot":"","fEstVisiblePictoPromoTEL":false,"sCodeLotHeterogene":"","sUrlLogoTEL":"","sTexteLogoTel":"Promotion TEL","sLibellePictoAjouterProduit":"Ajouter au panier","sLibelleUrlNaviguerRayon":"Voir le rayon","iQuantitePanier":0,"rTotalAPayer":0.0,"sTotalAPayer":"0.00 €","sOrigineZoneDepeche":"Pologne","fVoirRayon":false,"sUrlVoirRayon":"","eDisponibilite":0,"iIdElementPresentationPrincipale":284352,"fProduitSubstitution":false,"sTexteEcoParticipationPrix":"","fAppartientAUneListe":false,"sMsgHeaderPopinAuthen":"Vous devez être identifié(e) pour ajouter le produit à vos listes.","fAfficherTexteProduitIndispo":false,"sTexteProduitIndispo":"","sTexteProduitIndispoCarte":"","fGainsBRD":false,"eTypeProduit":1,"sUrlPageProduit":"https://fd4-courses.leclercdrive.fr/magasin-127811-Bois-dArcy/fiche-produits-5683-Champignon-de-Paris.aspx","iQteMinPanier":0,"iQteMaxPanier":1000,"sIdUnique":"Produit5683"},"lstEnfants":[]},{"objElement":{"sNoPointLivraison":"127811","iIdProduit":9246,"iIdRayon":284323,"iIdFamille":284351,"niIdSousFamille":284352,"sType":"Produit","sId":"9246","niIdPhotoEnLigne":1660184,"eIncitationLot":0,"sIdUniqueRayon":"Rayon284323","iIdElementPresentation":284356,"sLibelleLigne1":"Avocat Bio Village","sLibelleLigne2":"En barquette x2","iQteDisponible":9,"sPrixUnitaire":"2.95 €","fAfficherPrixUnitaire":true,"nrPVBRIIDeduit":2.95,"sPrixPromo":"2.95 €","sPrixParUniteDeMesure":"1.48 € / p","fAfficherPrixParUniteMesure":true,"nrPVMesureBRIIDeduit":1.48,"sUrlVignetteProduit":"https://fd4-photos.leclercdrive.fr/image.ashx?id=1660184&use=l&cat=p&typeid=i","fEstBRIIActifEtDisponible":false,"fBriiAffichageSticker":false,"sUrlLogoBrii":"","sTexteLogoBRII":"Promotion BRII","sTexteTooltipLot":"","fEstVisiblePictoPromoTEL":false,"sCodeLotHeterogene":"","sUrlLogoTEL":"","sTexteLogoTel":"Promotion TEL","sLibellePictoAjouterProduit":"Ajouter au panier","sLibelleUrlNaviguerRayon":"Voir le rayon","iQuantitePanier":0,"rTotalAPayer":0.0,"sTotalAPayer":"0.00 €","sOrigineZoneDepeche":"Espagne","fVoirRayon":false,"sUrlVoirRayon":"","eDisponibilite":0,"iIdElementPresentationPrincipale":284356,"fProduitSubstitution":false,"sTexteEcoParticipationPrix":"","fAppartientAUneListe":false,"sMsgHeaderPopinAuthen":"Vous devez être identifié(e) pour ajouter le produit à vos listes.","fAfficherTexteProduitIndispo":false,"sTexteProduitIndispo":"","sTexteProduitIndispoCarte":"","fGainsBRD":false,"eTypeProduit":1,"sUrlPageProduit":"https://fd4-courses.leclercdrive.fr/magasin-127811-Bois-dArcy/fiche-produits-9246-Avocat-Bio-Village.aspx","iQteMinPanier":0,"iQteMaxPanier":1000,"sIdUnique":"Produit9246"},"lstEnfants":[]},{"objElement":{"sNoPointLivraison":"127811","iIdProduit":11611,"iIdRayon":284323,"iIdFamille":284351,"niIdSousFamille":284352,"sType":"Produit","sId":"11611","niIdPhotoEnLigne":1296137,"eIncitationLot":0,"sIdUniqueRayon":"Rayon284323","iIdElementPresentation":284356,"sLibelleLigne1":"Avocat Notre Jardin","sLibelleLigne2":"M&#251;rs &#224; point x2","iQteDisponible":101,"sPrixUnitaire":"3.79 €","fAfficherPrixUnitaire":true,"nrPVBRIIDeduit":3.79,"sPrixPromo":"3.79 €","sPrixParUniteDeMesure":"1.90 € / p","fAfficherPrixParUniteMesure":true,"nrPVMesureBRIIDeduit":1.90,"sUrlVignetteProduit":"https://fd4-photos.leclercdrive.fr/image.ashx?id=1296137&use=l&cat=p&typeid=i","fEstBRIIActifEtDisponible":false,"fBriiAffichageSticker":false,"sUrlLogoBrii":"","sTexteLogoBRII":"Promotion BRII","sTexteTooltipLot":"","fEstVisiblePictoPromoTEL":false,"sCodeLotHeterogene":"","sUrlLogoTEL":"","sTexteLogoTel":"Promotion TEL","sLibellePictoAjouterProduit":"Ajouter au panier","sLibelleUrlNaviguerRayon":"Voir le rayon","iQuantitePanier":0,"rTotalAPayer":0.0,"sTotalAPayer":"0.00 €","sOrigineZoneDepeche":"Isra&#235;l","fVoirRayon":false,"sUrlVoirRayon":"","eDisponibilite":0,"iIdElementPresentationPrincipale":284356,"fProduitSubstitution":false,"sTexteEcoParticipationPrix":"","fAppartientAUneListe":false,"sMsgHeaderPopinAuthen":"Vous devez être identifié(e) pour ajouter le produit à vos listes.","fAfficherTexteProduitIndispo":false,"sTexteProduitIndispo":"","sTexteProduitIndispoCarte":"","fGainsBRD":false,"eTypeProduit":1,"sUrlPageProduit":"https://fd4-courses.leclercdrive.fr/magasin-127811-Bois-dArcy/fiche-produits-11611-Avocat-Notre-Jardin.aspx","iQteMinPanier":0,"iQteMaxPanier":1000,"sIdUnique":"Produit11611"},"lstEnfants":[]},{"objElement":{"sNoPointLivraison":"127811","iIdProduit":7105,"iIdRayon":284323,"iIdFamille":284351,"niIdSousFamille":284352,"sType":"Produit","sId":"7105","niIdPhotoEnLigne":1633637,"eIncitationLot":0,"sIdUniqueRayon":"Rayon284323","iIdElementPresentation":284356,"sLibelleLigne1":"Avocat","sLibelleLigne2":" 1 p           ","iQteDisponible":29,"sPrixUnitaire":"1.49 €","fAfficherPrixUnitaire":true,"nrPVBRIIDeduit":1.49,"sPrixPromo":"1.49 €","fAfficherPrixParUniteMesure":false,"sUrlVignetteProduit":"https://fd4-photos.leclercdrive.fr/image.ashx?id=1633637&use=l&cat=p&typeid=i","fEstBRIIActifEtDisponible":false,"fBriiAffichageSticker":false,"sUrlLogoBrii":"","sTexteLogoBRII":"Promotion BRII","sTexteTooltipLot":"","fEstVisiblePictoPromoTEL":false,"sCodeLotHeterogene":"","sUrlLogoTEL":"","sTexteLogoTel":"Promotion TEL","sLibellePictoAjouterProduit":"Ajouter au panier","sLibelleUrlNaviguerRayon":"Voir le rayon","iQuantitePanier":0,"rTotalAPayer":0.0,"sTotalAPayer":"0.00 €","sOrigineZoneDepeche":"&#39;  israel","fVoirRayon":false,"sUrlVoirRayon":"","eDisponibilite":0,"iIdElementPresentationPrincipale":284356,"fProduitSubstitution":false,"sTexteEcoParticipationPrix":"","fAppartientAUneListe":false,"sMsgHeaderPopinAuthen":"Vous devez être identifié(e) pour ajouter le produit à vos listes.","fAfficherTexteProduitIndispo":false,"sTexteProduitIndispo":"","sTexteProduitIndispoCarte":"","fGainsBRD":false,"eTypeProduit":1,"sUrlPageProduit":"https://fd4-courses.leclercdrive.fr/magasin-127811-Bois-dArcy/fiche-produits-7105-Avocat.aspx","iQteMinPanier":0,"iQteMaxPanier":1000,"sIdUnique":"Produit7105"},"lstEnfants":[]},{"objElement":{"sNoPointLivraison":"127811","iIdProduit":71041,"iIdRayon":284323,"iIdFamille":284351,"niIdSousFamille":284352,"sType":"Produit","sId":"71041","niIdPhotoEnLigne":1243102,"eIncitationLot":0,"sIdUniqueRayon":"Rayon284323","iIdElementPresentation":284352,"sLibelleLigne1":"Ail blanc Bio Village","sLibelleLigne2":"250g","iQteDisponible":9,"sPrixUnitaire":"1.99 €","fAfficherPrixUnitaire":true,"nrPVBRIIDeduit":1.99,"sPrixPromo":"1.99 €","sPrixParUniteDeMesure":"7.96 € / kg","fAfficherPrixParUniteMesure":true,"nrPVMesureBRIIDeduit":7.96,"sUrlVignetteProduit":"https://fd4-photos.leclercdrive.fr/image.ashx?id=1243102&use=l&cat=p&typeid=i","fEstBRIIActifEtDisponible":false,"fBriiAffichageSticker":false,"sUrlLogoBrii":"","sTexteLogoBRII":"Promotion BRII","sTexteTooltipLot":"","fEstVisiblePictoPromoTEL":false,"sCodeLotHeterogene":"","sUrlLogoTEL":"","sTexteLogoTel":"Promotion TEL","sLibellePictoAjouterProduit":"Ajouter au panier","sLibelleUrlNaviguerRayon":"Voir le rayon","iQuantitePanier":0,"rTotalAPayer":0.0,"sTotalAPayer":"0.00 €","sOrigineZoneDepeche":"&#39;  ESPAGNE","fVoirRayon":false,"sUrlVoirRayon":"","eDisponibilite":0,"iIdElementPresentationPrincipale":284352,"fProduitSubstitution":false,"sTexteEcoParticipationPrix":"","fAppartientAUneListe":false,"sMsgHeaderPopinAuthen":"Vous devez être identifié(e) pour ajouter le produit à vos listes.","fAfficherTexteProduitIndispo":false,"sTexteProduitIndispo":"","sTexteProduitIndispoCarte":"","fGainsBRD":false,"eTypeProduit":1,"sUrlPageProduit":"https://fd4-courses.leclercdrive.fr/magasin-127811-Bois-dArcy/fiche-produits-71041-Ail-blanc-Bio-Village.aspx","iQteMinPanier":0,"iQteMaxPanier":1000,"sIdUnique":"Produit71041"},"lstEnfants":[]},{"objElement":{"sNoPointLivraison":"127811","iIdProduit":34672,"iIdRayon":284323,"iIdFamille":284351,"niIdSousFamille":284352,"sType":"Produit","sId":"34672","niIdPhotoEnLigne":1069688,"eIncitationLot":0,"sIdUniqueRayon":"Rayon284323","iIdElementPresentation":284352,"sLibelleLigne1":"Ail blanc Notre Jardin","sLibelleLigne2":"A mijoter et &#224; confire x3 250g","iQteDisponible":69,"sPrixUnitaire":"1.99 €","fAfficherPrixUnitaire":true,"nrPVBRIIDeduit":1.99,"sPrixPromo":"1.99 €","sPrixParUniteDeMesure":"7.96 € / kg","fAfficherPrixParUniteMesure":true,"nrPVMesureBRIIDeduit":7.96,"sUrlVignetteProduit":"https://fd4-photos.leclercdrive.fr/image.ashx?id=1069688&use=l&cat=p&typeid=i","fEstBRIIActifEtDisponible":false,"fBriiAffichageSticker":false,"sUrlLogoBrii":"","sTexteLogoBRII":"Promotion BRII","sTexteTooltipLot":"","fEstVisiblePictoPromoTEL":false,"sCodeLotHeterogene":"","sUrlLogoTEL":"","sTexteLogoTel":"Promotion TEL","sLibellePictoAjouterProduit":"Ajouter au panier","sLibelleUrlNaviguerRayon":"Voir le rayon","iQuantitePanier":0,"rTotalAPayer":0.0,"sTotalAPayer":"0.00 €","sOrigineZoneDepeche":"&#39; argentine","fVoirRayon":false,"sUrlVoirRayon":"","eDisponibilite":0,"iIdElementPresentationPrincipale":284352,"fProduitSubstitution":false,"sTexteEcoParticipationPrix":"","fAppartientAUneListe":false,"sMsgHeaderPopinAuthen":"Vous devez être identifié(e) pour ajouter le produit à vos listes.","fAfficherTexteProduitIndispo":false,"sTexteProduitIndispo":"","sTexteProduitIndispoCarte":"","fGainsBRD":false,"eTypeProduit":1,"sUrlPageProduit":"https://fd4-courses.leclercdrive.fr/magasin-127811-Bois-dArcy/fiche-produits-34672-Ail-blanc-Notre-Jardin.aspx","iQteMinPanier":0,"iQteMaxPanier":1000,"sIdUnique":"Produit34672"},"lstEnfants":[]},{"objElement":{"sNoPointLivraison":"127811","iIdProduit":92529,"iIdRayon":284323,"iIdFamille":284351,"niIdSousFamille":284352,"sType":"Produit","sId":"92529","niIdPhotoEnLigne":1508849,"eIncitationLot":0,"sIdUniqueRayon":"Rayon284323","iIdElementPresentation":284352,"sLibelleLigne1":"Echalote Bio Village","sLibelleLigne2":"Demi longue - 250g","iQteDisponible":9,"sPrixUnitaire":"2.95 €","fAfficherPrixUnitaire":true,"nrPVBRIIDeduit":2.95,"sPrixPromo":"2.95 €","sPrixParUniteDeMesure":"11.80 € / kg","fAfficherPrixParUniteMesure":true,"nrPVMesureBRIIDeduit":11.80,"sUrlVignetteProduit":"https://fd4-photos.leclercdrive.fr/image.ashx?id=1508849&use=l&cat=p&typeid=i","fEstBRIIActifEtDisponible":false,"fBriiAffichageSticker":false,"sUrlLogoBrii":"","sTexteLogoBRII":"Promotion BRII","sTexteTooltipLot":"","fEstVisiblePictoPromoTEL":false,"sCodeLotHeterogene":"","sUrlLogoTEL":"","sTexteLogoTel":"Promotion TEL","sLibellePictoAjouterProduit":"Ajouter au panier","sLibelleUrlNaviguerRayon":"Voir le rayon","iQuantitePanier":0,"rTotalAPayer":0.0,"sTotalAPayer":"0.00 €","sOrigineZoneDepeche":"&#39;  france","fVoirRayon":false,"sUrlVoirRayon":"","eDisponibilite":0,"iIdElementPresentationPrincipale":284352,"fProduitSubstitution":false,"sTexteEcoParticipationPrix":"","fAppartientAUneListe":false,"sMsgHeaderPopinAuthen":"Vous devez être identifié(e) pour ajouter le produit à vos listes.","fAfficherTexteProduitIndispo":false,"sTexteProduitIndispo":"","sTexteProduitIndispoCarte":"","fGainsBRD":false,"eTypeProduit":1,"sUrlPageProduit":"https://fd4-courses.leclercdrive.fr/magasin-127811-Bois-dArcy/fiche-produits-92529-Echalote-Bio-Village.aspx","iQteMinPanier":0,"iQteMaxPanier":1000,"sIdUnique":"Produit92529"},"lstEnfants":[]},{"objElement":{"sNoPointLivraison":"127811","iIdProduit":5213,"iIdRayon":284323,"iIdFamille":284351,"niIdSousFamille":284352,"sType":"Produit","sId":"5213","niIdPhotoEnLigne":1631904,"eIncitationLot":0,"sIdUniqueRayon":"Rayon284323","iIdElementPresentation":284352,"sLibelleLigne1":"C&#233;leri rave La pi&#232;ce","sLibelleLigne2":" 1 p           ","iQteDisponible":1,"sPrixUnitaire":"2.10 €","fAfficherPrixUnitaire":true,"nrPVBRIIDeduit":2.10,"sPrixPromo":"2.10 €","fAfficherPrixParUniteMesure":false,"sUrlVignetteProduit":"https://fd4-photos.leclercdrive.fr/image.ashx?id=1631904&use=l&cat=p&typeid=i","fEstBRIIActifEtDisponible":false,"fBriiAffichageSticker":false,"sUrlLogoBrii":"","sTexteLogoBRII":"Promotion BRII","sTexteTooltipLot":"","fEstVisiblePictoPromoTEL":false,"sCodeLotHeterogene":"","sUrlLogoTEL":"","sTexteLogoTel":"Promotion TEL","sLibellePictoAjouterProduit":"Ajouter au panier","sLibelleUrlNaviguerRayon":"Voir le rayon","iQuantitePanier":0,"rTotalAPayer":0.0,"sTotalAPayer":"0.00 €","sOrigineZoneDepeche":"France","fVoirRayon":false,"sUrlVoirRayon":"","eDisponibilite":0,"iIdElementPresentationPrincipale":284352,"fProduitSubstitution":false,"sTexteEcoParticipationPrix":"","fAppartientAUneListe":false,"sMsgHeaderPopinAuthen":"Vous devez être identifié(e) pour ajouter le produit à vos listes.","fAfficherTexteProduitIndispo":false,"sTexteProduitIndispo":"","sTexteProduitIndispoCarte":"","fGainsBRD":false,"eTypeProduit":1,"sUrlPageProduit":"https://fd4-courses.leclercdrive.fr/magasin-127811-Bois-dArcy/fiche-produits-5213-Celeri-rave-La-piece.aspx","iQteMinPanier":0,"iQteMaxPanier":1000,"sIdUnique":"Produit5213"},"lstEnfants":[]},{"objElement":{"sNoPointLivraison":"127811","iIdProduit":5214,"iIdRayon":284323,"iIdFamille":284351,"niIdSousFamille":284352,"sType":"Produit","sId":"5214","niIdPhotoEnLigne":1631907,"eIncitationLot":0,"sIdUniqueRayon":"Rayon284323","iIdElementPresentation":284352,"sLibelleLigne1":"C&#233;leri branche","sLibelleLigne2":" 1 p           ","iQteDisponible":3,"sPrixUnitaire":"1.95 €","fAfficherPrixUnitaire":true,"nrPVBRIIDeduit":1.95,"sPrixPromo":"1.95 €","fAfficherPrixParUniteMesure":false,"sUrlVignetteProduit":"https://fd4-photos.leclercdrive.fr/image.ashx?id=1631907&use=l&cat=p&typeid=i","fEstBRIIActifEtDisponible":false,"fBriiAffichageSticker":false,"sUrlLogoBrii":"","sTexteLogoBRII":"Promotion BRII","sTexteTooltipLot":"","fEstVisiblePictoPromoTEL":false,"sCodeLotHeterogene":"","sUrlLogoTEL":"","sTexteLogoTel":"Promotion TEL","sLibellePictoAjouterProduit":"Ajouter au panier","sLibelleUrlNaviguerRayon":"Voir le rayon","iQuantitePanier":0,"rTotalAPayer":0.0,"sTotalAPayer":"0.00 €","sOrigineZoneDepeche":"Italie","fVoirRayon":false,"sUrlVoirRayon":"","eDisponibilite":0,"iIdElementPresentationPrincipale":284352,"fProduitSubstitution":false,"sTexteEcoParticipationPrix":"","fAppartientAUneListe":false,"sMsgHeaderPopinAuthen":"Vous devez être identifié(e) pour ajouter le produit à vos listes.","fAfficherTexteProduitIndispo":false,"sTexteProduitIndispo":"","sTexteProduitIndispoCarte":"","fGainsBRD":false,"eTypeProduit":1,"sUrlPageProduit":"https://fd4-courses.leclercdrive.fr/magasin-127811-Bois-dArcy/fiche-produits-5214-Celeri-branche.aspx","iQteMinPanier":0,"iQteMaxPanier":1000,"sIdUnique":"Produit5214"},"lstEnfants":[]},{"objElement":{"sNoPointLivraison":"127811","iIdProduit":5947,"iIdRayon":284323,"iIdFamille":284351,"niIdSousFamille":284352,"sType":"Produit","sId":"5947","niIdPhotoEnLigne":1632551,"eIncitationLot":0,"sIdUniqueRayon":"Rayon284323","iIdElementPresentation":284352,"sLibelleLigne1":"Navet Bio filet ","sLibelleLigne2":" 500g          ","iQteDisponible":23,"sPrixUnitaire":"2.91 €","fAfficherPrixUnitaire":true,"nrPVBRIIDeduit":2.91,"sPrixPromo":"2.91 €","sPrixParUniteDeMesure":"5.82 € / kg","fAfficherPrixParUniteMesure":true,"nrPVMesureBRIIDeduit":5.82,"sUrlVignetteProduit":"https://fd4-photos.leclercdrive.fr/image.ashx?id=1632551&use=l&cat=p&typeid=i","fEstBRIIActifEtDisponible":false,"fBriiAffichageSticker":false,"sUrlLogoBrii":"","sTexteLogoBRII":"Promotion BRII","sTexteTooltipLot":"","fEstVisiblePictoPromoTEL":false,"sCodeLotHeterogene":"","sUrlLogoTEL":"","sTexteLogoTel":"Promotion TEL","sLibellePictoAjouterProduit":"Ajouter au panier","sLibelleUrlNaviguerRayon":"Voir le rayon","iQuantitePanier":0,"rTotalAPayer":0.0,"sTotalAPayer":"0.00 €","sOrigineZoneDepeche":"*france","fVoirRayon":false,"sUrlVoirRayon":"","eDisponibilite":0,"iIdElementPresentationPrincipale":284352,"fProduitSubstitution":false,"sTexteEcoParticipationPrix":"","fAppartientAUneListe":false,"sMsgHeaderPopinAuthen":"Vous devez être identifié(e) pour ajouter le produit à vos listes.","fAfficherTexteProduitIndispo":false,"sTexteProduitIndispo":"","sTexteProduitIndispoCarte":"","fGainsBRD":false,"eTypeProduit":1,"sUrlPageProduit":"https://fd4-courses.leclercdrive.fr/magasin-127811-Bois-dArcy/fiche-produits-5947-Navet-Bio-filet-.aspx","iQteMinPanier":0,"iQteMaxPanier":1000,"sIdUnique":"Produit5947"},"lstEnfants":[]},{"objElement":{"sNoPointLivraison":"127811","iIdProduit":28942,"iIdRayon":284323,"iIdFamille":284351,"niIdSousFamille":284352,"sType":"Produit","sId":"28942","niIdPhotoEnLigne":1632584,"eIncitationLot":0,"sIdUniqueRayon":"Rayon284323","iIdElementPresentation":284352,"sLibelleLigne1":"Navet","sLibelleLigne2":" 1kg           ","iQteDisponible":1,"sPrixUnitaire":"3.60 €","fAfficherPrixUnitaire":true,"nrPVBRIIDeduit":3.60,"sPrixPromo":"3.60 €","sPrixParUniteDeMesure":"3.60 € / kg","fAfficherPrixParUniteMesure":true,"nrPVMesureBRIIDeduit":3.60,"sUrlVignetteProduit":"https://fd4-photos.leclercdrive.fr/image.ashx?id=1632584&use=l&cat=p&typeid=i","fEstBRIIActifEtDisponible":false,"fBriiAffichageSticker":false,"sUrlLogoBrii":"","sTexteLogoBRII":"Promotion BRII","sTexteTooltipLot":"","fEstVisiblePictoPromoTEL":false,"sCodeLotHeterogene":"","sUrlLogoTEL":"","sTexteLogoTel":"Promotion TEL","sLibellePictoAjouterProduit":"Ajouter au panier","sLibelleUrlNaviguerRayon":"Voir le rayon","iQuantitePanier":0,"rTotalAPayer":0.0,"sTotalAPayer":"0.00 €","sOrigineZoneDepeche":"France","fVoirRayon":false,"sUrlVoirRayon":"","eDisponibilite":0,"iIdElementPresentationPrincipale":284352,"fProduitSubstitution":false,"sTexteEcoParticipationPrix":"","fAppartientAUneListe":false,"sMsgHeaderPopinAuthen":"Vous devez être identifié(e) pour ajouter le produit à vos listes.","fAfficherTexteProduitIndispo":false,"sTexteProduitIndispo":"","sTexteProduitIndispoCarte":"","fGainsBRD":false,"eTypeProduit":1,"sUrlPageProduit":"https://fd4-courses.leclercdrive.fr/magasin-127811-Bois-dArcy/fiche-produits-28942-Navet.aspx","iQteMinPanier":0,"iQteMaxPanier":1000,"sIdUnique":"Produit28942"},"lstEnfants":[]},{"objElement":{"sNoPointLivraison":"127811","iIdProduit":6530,"iIdRayon":284323,"iIdFamille":284351,"niIdSousFamille":284352,"sType":"Produit","sId":"6530","niIdPhotoEnLigne":1631919,"eIncitationLot":0,"sIdUniqueRayon":"Rayon284323","iIdElementPresentation":284352,"sLibelleLigne1":"Chou fleur Bio","sLibelleLigne2":" 1 p           ","iQteDisponible":19,"sPrixUnitaire":"3.95 €","fAfficherPrixUnitaire":true,"nrPVBRIIDeduit":3.95,"sPrixPromo":"3.95 €","fAfficherPrixParUniteMesure":false,"sUrlVignetteProduit":"https://fd4-photos.leclercdrive.fr/image.ashx?id=1631919&use=l&cat=p&typeid=i","fEstBRIIActifEtDisponible":false,"fBriiAffichageSticker":false,"sUrlLogoBrii":"","sTexteLogoBRII":"Promotion BRII","sTexteTooltipLot":"","fEstVisiblePictoPromoTEL":false,"sCodeLotHeterogene":"","sUrlLogoTEL":"","sTexteLogoTel":"Promotion TEL","sLibellePictoAjouterProduit":"Ajouter au panier","sLibelleUrlNaviguerRayon":"Voir le rayon","iQuantitePanier":0,"rTotalAPayer":0.0,"sTotalAPayer":"0.00 €","sOrigineZoneDepeche":"-france","fVoirRayon":false,"sUrlVoirRayon":"","eDisponibilite":0,"iIdElementPresentationPrincipale":284352,"fProduitSubstitution":false,"sTexteEcoParticipationPrix":"","fAppartientAUneListe":false,"sMsgHeaderPopinAuthen":"Vous devez être identifié(e) pour ajouter le produit à vos listes.","fAfficherTexteProduitIndispo":false,"sTexteProduitIndispo":"","sTexteProduitIndispoCarte":"","fGainsBRD":false,"eTypeProduit":1,"sUrlPageProduit":"https://fd4-courses.leclercdrive.fr/magasin-127811-Bois-dArcy/fiche-produits-6530-Chou-fleur-Bio.aspx","iQteMinPanier":0,"iQteMaxPanier":1000,"sIdUnique":"Produit6530"},"lstEnfants":[]},{"objElement":{"sNoPointLivraison":"127811","iIdProduit":100315,"iIdRayon":284323,"iIdFamille":284351,"niIdSousFamille":284352,"sType":"Produit","sId":"100315","niIdPhotoEnLigne":1644638,"eIncitationLot":0,"sIdUniqueRayon":"Rayon284323","iIdElementPresentation":284352,"sLibelleLigne1":"Chou fleur Bio Village","sLibelleLigne2":"x1","iQteDisponible":32,"sPrixUnitaire":"2.99 €","fAfficherPrixUnitaire":true,"nrPVBRIIDeduit":2.99,"sPrixPromo":"2.99 €","fAfficherPrixParUniteMesure":false,"sUrlVignetteProduit":"https://fd4-photos.leclercdrive.fr/image.ashx?id=1644638&use=l&cat=p&typeid=i","fEstBRIIActifEtDisponible":false,"fBriiAffichageSticker":false,"sUrlLogoBrii":"","sTexteLogoBRII":"Promotion BRII","sTexteTooltipLot":"","fEstVisiblePictoPromoTEL":false,"sCodeLotHeterogene":"","sUrlLogoTEL":"","sTexteLogoTel":"Promotion TEL","sLibellePictoAjouterProduit":"Ajouter au panier","sLibelleUrlNaviguerRayon":"Voir le rayon","iQuantitePanier":0,"rTotalAPayer":0.0,"sTotalAPayer":"0.00 €","sOrigineZoneDepeche":"&quot;france","fVoirRayon":false,"sUrlVoirRayon":"","eDisponibilite":0,"iIdElementPresentationPrincipale":284352,"fProduitSubstitution":false,"sTexteEcoParticipationPrix":"","fAppartientAUneListe":false,"sMsgHeaderPopinAuthen":"Vous devez être identifié(e) pour ajouter le produit à vos listes.","fAfficherTexteProduitIndispo":false,"sTexteProduitIndispo":"","sTexteProduitIndispoCarte":"","fGainsBRD":false,"eTypeProduit":1,"sUrlPageProduit":"https://fd4-courses.leclercdrive.fr/magasin-127811-Bois-dArcy/fiche-produits-100315-Chou-fleur-Bio-Village.aspx","iQteMinPanier":0,"iQteMaxPanier":1000,"sIdUnique":"Produit100315"},"lstEnfants":[]},{"objElement":{"sNoPointLivraison":"127811","iIdProduit":2897,"iIdRayon":284323,"iIdFamille":284351,"niIdSousFamille":284352,"sType":"Produit","sId":"2897","niIdPhotoEnLigne":1631991,"eIncitationLot":0,"sIdUniqueRayon":"Rayon284323","iIdElementPresentation":284352,"sLibelleLigne1":"Chou fleur","sLibelleLigne2":" 1 p           ","iQteDisponible":5,"sPrixUnitaire":"2.95 €","fAfficherPrixUnitaire":true,"nrPVBRIIDeduit":2.95,"sPrixPromo":"2.95 €","fAfficherPrixParUniteMesure":false,"sUrlVignetteProduit":"https://fd4-photos.leclercdrive.fr/image.ashx?id=1631991&use=l&cat=p&typeid=i","fEstBRIIActifEtDisponible":false,"fBriiAffichageSticker":false,"sUrlLogoBrii":"","sTexteLogoBRII":"Promotion BRII","sTexteTooltipLot":"","fEstVisiblePictoPromoTEL":false,"sCodeLotHeterogene":"","sUrlLogoTEL":"","sTexteLogoTel":"Promotion TEL","sLibellePictoAjouterProduit":"Ajouter au panier","sLibelleUrlNaviguerRayon":"Voir le rayon","iQuantitePanier":0,"rTotalAPayer":0.0,"sTotalAPayer":"0.00 €","sOrigineZoneDepeche":"France","fVoirRayon":false,"sUrlVoirRayon":"","eDisponibilite":0,"iIdElementPresentationPrincipale":284352,"fProduitSubstitution":false,"sTexteEcoParticipationPrix":"","fAppartientAUneListe":false,"sMsgHeaderPopinAuthen":"Vous devez être identifié(e) pour ajouter le produit à vos listes.","fAfficherTexteProduitIndispo":false,"sTexteProduitIndispo":"","sTexteProduitIndispoCarte":"","fGainsBRD":false,"eTypeProduit":1,"sUrlPageProduit":"https://fd4-courses.leclercdrive.fr/magasin-127811-Bois-dArcy/fiche-produits-2897-Chou-fleur.aspx","iQteMinPanier":0,"iQteMaxPanier":1000,"sIdUnique":"Produit2897"},"lstEnfants":[]},{"objElement":{"sNoPointLivraison":"127811","iIdProduit":4187,"iIdRayon":284323,"iIdFamille":284351,"niIdSousFamille":284352,"sType":"Produit","sId":"4187","niIdPhotoEnLigne":560851,"eIncitationLot":0,"sIdUniqueRayon":"Rayon284323","iIdElementPresentation":284352,"sLibelleLigne1":"Chou vert","sLibelleLigne2":" 1p            ","iQteDisponible":7,"sPrixUnitaire":"2.49 €","fAfficherPrixUnitaire":true,"nrPVBRIIDeduit":2.49,"sPrixPromo":"2.49 €","fAfficherPrixParUniteMesure":false,"sUrlVignetteProduit":"https://fd4-photos.leclercdrive.fr/image.ashx?id=560851&use=l&cat=p&typeid=i","fEstBRIIActifEtDisponible":false,"fBriiAffichageSticker":false,"sUrlLogoBrii":"","sTexteLogoBRII":"Promotion BRII","sTexteTooltipLot":"","fEstVisiblePictoPromoTEL":false,"sCodeLotHeterogene":"","sUrlLogoTEL":"","sTexteLogoTel":"Promotion TEL","sLibellePictoAjouterProduit":"Ajouter au panier","sLibelleUrlNaviguerRayon":"Voir le rayon","iQuantitePanier":0,"rTotalAPayer":0.0,"sTotalAPayer":"0.00 €","sOrigineZoneDepeche":"France","fVoirRayon":false,"sUrlVoirRayon":"","eDisponibilite":0,"iIdElementPresentationPrincipale":284352,"fProduitSubstitution":false,"sTexteEcoParticipationPrix":"","fAppartientAUneListe":false,"sMsgHeaderPopinAuthen":"Vous devez être identifié(e) pour ajouter le produit à vos listes.","fAfficherTexteProduitIndispo":false,"sTexteProduitIndispo":"","sTexteProduitIndispoCarte":"","fGainsBRD":false,"eTypeProduit":1,"sUrlPageProduit":"https://fd4-courses.leclercdrive.fr/magasin-127811-Bois-dArcy/fiche-produits-4187-Chou-vert.aspx","iQteMinPanier":0,"iQteMaxPanier":1000,"sIdUnique":"Produit4187"},"lstEnfants":[]},{"objElement":{"sNoPointLivraison":"127811","iIdProduit":57060,"iIdRayon":284323,"iIdFamille":284351,"niIdSousFamille":284352,"sType":"Produit","sId":"57060","niIdPhotoEnLigne":598741,"eIncitationLot":0,"sIdUniqueRayon":"Rayon284323","iIdElementPresentation":284352,"sLibelleLigne1":"Choux de Bruxelles","sLibelleLigne2":"500g   ","iQteDisponible":32,"sPrixUnitaire":"2.89 €","fAfficherPrixUnitaire":true,"nrPVBRIIDeduit":2.89,"sPrixPromo":"2.89 €","sPrixParUniteDeMesure":"5.78 € / kg","fAfficherPrixParUniteMesure":true,"nrPVMesureBRIIDeduit":5.78,"sUrlVignetteProduit":"https://fd4-photos.leclercdrive.fr/image.ashx?id=598741&use=l&cat=p&typeid=i","fEstBRIIActifEtDisponible":false,"fBriiAffichageSticker":false,"sUrlLogoBrii":"","sTexteLogoBRII":"Promotion BRII","sTexteTooltipLot":"","fEstVisiblePictoPromoTEL":false,"sCodeLotHeterogene":"","sUrlLogoTEL":"","sTexteLogoTel":"Promotion TEL","sLibellePictoAjouterProduit":"Ajouter au panier","sLibelleUrlNaviguerRayon":"Voir le rayon","iQuantitePanier":0,"rTotalAPayer":0.0,"sTotalAPayer":"0.00 €","sOrigineZoneDepeche":"&#39;  maroc","fVoirRayon":false,"sUrlVoirRayon":"","eDisponibilite":0,"iIdElementPresentationPrincipale":284352,"fProduitSubstitution":false,"sTexteEcoParticipationPrix":"","fAppartientAUneListe":false,"sMsgHeaderPopinAuthen":"Vous devez être identifié(e) pour ajouter le produit à vos listes.","fAfficherTexteProduitIndispo":false,"sTexteProduitIndispo":"","sTexteProduitIndispoCarte":"","fGainsBRD":false,"eTypeProduit":1,"sUrlPageProduit":"https://fd4-courses.leclercdrive.fr/magasin-127811-Bois-dArcy/fiche-produits-57060-Choux-de-Bruxelles.aspx","iQteMinPanier":0,"iQteMaxPanier":1000,"sIdUnique":"Produit57060"},"lstEnfants":[]},{"objElement":{"sNoPointLivraison":"127811","iIdProduit":6687,"iIdRayon":284323,"iIdFamille":284351,"niIdSousFamille":284352,"sType":"Produit","sId":"6687","niIdPhotoEnLigne":578704,"eIncitationLot":0,"sIdUniqueRayon":"Rayon284323","iIdElementPresentation":284352,"sLibelleLigne1":"Chou chinois","sLibelleLigne2":" 1 p           ","iQteDisponible":8,"sPrixUnitaire":"2.65 €","fAfficherPrixUnitaire":true,"nrPVBRIIDeduit":2.65,"sPrixPromo":"2.65 €","fAfficherPrixParUniteMesure":false,"sUrlVignetteProduit":"https://fd4-photos.leclercdrive.fr/image.ashx?id=578704&use=l&cat=p&typeid=i","fEstBRIIActifEtDisponible":false,"fBriiAffichageSticker":false,"sUrlLogoBrii":"","sTexteLogoBRII":"Promotion BRII","sTexteTooltipLot":"","fEstVisiblePictoPromoTEL":false,"sCodeLotHeterogene":"","sUrlLogoTEL":"","sTexteLogoTel":"Promotion TEL","sLibellePictoAjouterProduit":"Ajouter au panier","sLibelleUrlNaviguerRayon":"Voir le rayon","iQuantitePanier":0,"rTotalAPayer":0.0,"sTotalAPayer":"0.00 €","sOrigineZoneDepeche":"&#39; pays bas","fVoirRayon":false,"sUrlVoirRayon":"","eDisponibilite":0,"iIdElementPresentationPrincipale":284352,"fProduitSubstitution":false,"sTexteEcoParticipationPrix":"","fAppartientAUneListe":false,"sMsgHeaderPopinAuthen":"Vous devez être identifié(e) pour ajouter le produit à vos listes.","fAfficherTexteProduitIndispo":false,"sTexteProduitIndispo":"","sTexteProduitIndispoCarte":"","fGainsBRD":false,"eTypeProduit":1,"sUrlPageProduit":"https://fd4-courses.leclercdrive.fr/magasin-127811-Bois-dArcy/fiche-produits-6687-Chou-chinois.aspx","iQteMinPanier":0,"iQteMaxPanier":1000,"sIdUnique":"Produit6687"},"lstEnfants":[]},{"objElement":{"sNoPointLivraison":"127811","iIdProduit":4185,"iIdRayon":284323,"iIdFamille":284351,"niIdSousFamille":284352,"sType":"Produit","sId":"4185","niIdPhotoEnLigne":560849,"eIncitationLot":0,"sIdUniqueRayon":"Rayon284323","iIdElementPresentation":284352,"sLibelleLigne1":"Chou blanc","sLibelleLigne2":" 1 p           ","iQteDisponible":7,"sPrixUnitaire":"1.95 €","fAfficherPrixUnitaire":true,"nrPVBRIIDeduit":1.95,"sPrixPromo":"1.95 €","fAfficherPrixParUniteMesure":false,"sUrlVignetteProduit":"https://fd4-photos.leclercdrive.fr/image.ashx?id=560849&use=l&cat=p&typeid=i","fEstBRIIActifEtDisponible":false,"fBriiAffichageSticker":false,"sUrlLogoBrii":"","sTexteLogoBRII":"Promotion BRII","sTexteTooltipLot":"","fEstVisiblePictoPromoTEL":false,"sCodeLotHeterogene":"","sUrlLogoTEL":"","sTexteLogoTel":"Promotion TEL","sLibellePictoAjouterProduit":"Ajouter au panier","sLibelleUrlNaviguerRayon":"Voir le rayon","iQuantitePanier":0,"rTotalAPayer":0.0,"sTotalAPayer":"0.00 €","sOrigineZoneDepeche":"France","fVoirRayon":false,"sUrlVoirRayon":"","eDisponibilite":0,"iIdElementPresentationPrincipale":284352,"fProduitSubstitution":false,"sTexteEcoParticipationPrix":"","fAppartientAUneListe":false,"sMsgHeaderPopinAuthen":"Vous devez être identifié(e) pour ajouter le produit à vos listes.","fAfficherTexteProduitIndispo":false,"sTexteProduitIndispo":"","sTexteProduitIndispoCarte":"","fGainsBRD":false,"eTypeProduit":1,"sUrlPageProduit":"https://fd4-courses.leclercdrive.fr/magasin-127811-Bois-dArcy/fiche-produits-4185-Chou-blanc.aspx","iQteMinPanier":0,"iQteMaxPanier":1000,"sIdUnique":"Produit4185"},"lstEnfants":[]},{"objElement":{"sNoPointLivraison":"127811","iIdProduit":20709,"iIdRayon":284323,"iIdFamille":284351,"niIdSousFamille":284352,"sType":"Produit","sId":"20709","niIdPhotoEnLigne":831930,"eIncitationLot":0,"sIdUniqueRayon":"Rayon284323","iIdElementPresentation":284352,"sLibelleLigne1":"Chou rouge r&#226;p&#233; Notre Jardin","sLibelleLigne2":"150g","iQteDisponible":5,"sPrixUnitaire":"1.50 €","fAfficherPrixUnitaire":true,"nrPVBRIIDeduit":1.50,"sPrixPromo":"1.50 €","sPrixParUniteDeMesure":"10.00 € / kg","fAfficherPrixParUniteMesure":true,"nrPVMesureBRIIDeduit":10.00,"sUrlVignetteProduit":"https://fd4-photos.leclercdrive.fr/image.ashx?id=831930&use=l&cat=p&typeid=i","fEstBRIIActifEtDisponible":false,"fBriiAffichageSticker":false,"sUrlLogoBrii":"","sTexteLogoBRII":"Promotion BRII","sTexteTooltipLot":"","fEstVisiblePictoPromoTEL":false,"sCodeLotHeterogene":"","sUrlLogoTEL":"","sTexteLogoTel":"Promotion TEL","sLibellePictoAjouterProduit":"Ajouter au panier","sLibelleUrlNaviguerRayon":"Voir le rayon","iQuantitePanier":0,"rTotalAPayer":0.0,"sTotalAPayer":"0.00 €","sOrigineZoneDepeche":"","fVoirRayon":false,"sUrlVoirRayon":"","eDisponibilite":0,"iIdElementPresentationPrincipale":284352,"fProduitSubstitution":false,"sTexteEcoParticipationPrix":"","fAppartientAUneListe":false,"sMsgHeaderPopinAuthen":"Vous devez être identifié(e) pour ajouter le produit à vos listes.","fAfficherTexteProduitIndispo":false,"sTexteProduitIndispo":"","sTexteProduitIndispoCarte":"","fGainsBRD":false,"eTypeProduit":1,"sUrlPageProduit":"https://fd4-courses.leclercdrive.fr/magasin-127811-Bois-dArcy/fiche-produits-20709-Chou-rouge-rape-Notre-Jardin.aspx","iQteMinPanier":0,"iQteMaxPanier":1000,"sIdUnique":"Produit20709"},"lstEnfants":[]},{"objElement":{"sNoPointLivraison":"127811","iIdProduit":4186,"iIdRayon":284323,"iIdFamille":284351,"niIdSousFamille":284352,"sType":"Produit","sId":"4186","niIdPhotoEnLigne":560850,"eIncitationLot":0,"sIdUniqueRayon":"Rayon284323","iIdElementPresentation":284352,"sLibelleLigne1":"Chou rouge","sLibelleLigne2":" 1 p           ","iQteDisponible":6,"sPrixUnitaire":"2.79 €","fAfficherPrixUnitaire":true,"nrPVBRIIDeduit":2.79,"sPrixPromo":"2.79 €","fAfficherPrixParUniteMesure":false,"sUrlVignetteProduit":"https://fd4-photos.leclercdrive.fr/image.ashx?id=560850&use=l&cat=p&typeid=i","fEstBRIIActifEtDisponible":false,"fBriiAffichageSticker":false,"sUrlLogoBrii":"","sTexteLogoBRII":"Promotion BRII","sTexteTooltipLot":"","fEstVisiblePictoPromoTEL":false,"sCodeLotHeterogene":"","sUrlLogoTEL":"","sTexteLogoTel":"Promotion TEL","sLibellePictoAjouterProduit":"Ajouter au panier","sLibelleUrlNaviguerRayon":"Voir le rayon","iQuantitePanier":0,"rTotalAPayer":0.0,"sTotalAPayer":"0.00 €","sOrigineZoneDepeche":"France","fVoirRayon":false,"sUrlVoirRayon":"","eDisponibilite":0,"iIdElementPresentationPrincipale":284352,"fProduitSubstitution":false,"sTexteEcoParticipationPrix":"","fAppartientAUneListe":false,"sMsgHeaderPopinAuthen":"Vous devez être identifié(e) pour ajouter le produit à vos listes.","fAfficherTexteProduitIndispo":false,"sTexteProduitIndispo":"","sTexteProduitIndispoCarte":"","fGainsBRD":false,"eTypeProduit":1,"sUrlPageProduit":"https://fd4-courses.leclercdrive.fr/magasin-127811-Bois-dArcy/fiche-produits-4186-Chou-rouge.aspx","iQteMinPanier":0,"iQteMaxPanier":1000,"sIdUnique":"Produit4186"},"lstEnfants":[]},{"objElement":{"sNoPointLivraison":"127811","iIdProduit":16112,"iIdRayon":284323,"iIdFamille":284351,"niIdSousFamille":284352,"sType":"Produit","sId":"16112","niIdPhotoEnLigne":1664853,"eIncitationLot":0,"sIdUniqueRayon":"Rayon284323","iIdElementPresentation":284352,"sLibelleLigne1":"Asperges blanches des Landes","sLibelleLigne2":"Nos R&#233;gions ont du Talent 500g","iQteDisponible":13,"sPrixUnitaire":"4.99 €","fAfficherPrixUnitaire":true,"nrPVBRIIDeduit":4.99,"sPrixPromo":"4.99 €","sPrixParUniteDeMesure":"9.98 € / kg","fAfficherPrixParUniteMesure":true,"nrPVMesureBRIIDeduit":9.98,"sUrlVignetteProduit":"https://fd4-photos.leclercdrive.fr/image.ashx?id=1664853&use=l&cat=p&typeid=i","fEstBRIIActifEtDisponible":false,"fBriiAffichageSticker":false,"sUrlLogoBrii":"","sTexteLogoBRII":"Promotion BRII","sTexteTooltipLot":"","fEstVisiblePictoPromoTEL":false,"sCodeLotHeterogene":"","sUrlLogoTEL":"","sTexteLogoTel":"Promotion TEL","sLibellePictoAjouterProduit":"Ajouter au panier","sLibelleUrlNaviguerRayon":"Voir le rayon","iQuantitePanier":0,"rTotalAPayer":0.0,"sTotalAPayer":"0.00 €","sOrigineZoneDepeche":"&#39; :france","fVoirRayon":false,"sUrlVoirRayon":"","eDisponibilite":0,"iIdElementPresentationPrincipale":284352,"fProduitSubstitution":false,"sTexteEcoParticipationPrix":"","fAppartientAUneListe":false,"sMsgHeaderPopinAuthen":"Vous devez être identifié(e) pour ajouter le produit à vos listes.","fAfficherTexteProduitIndispo":false,"sTexteProduitIndispo":"","sTexteProduitIndispoCarte":"","fGainsBRD":false,"eTypeProduit":1,"sUrlPageProduit":"https://fd4-courses.leclercdrive.fr/magasin-127811-Bois-dArcy/fiche-produits-16112-Asperges-blanches-des-Landes.aspx","iQteMinPanier":0,"iQteMaxPanier":1000,"sIdUnique":"Produit16112"},"lstEnfants":[]},{"objElement":{"sNoPointLivraison":"127811","iIdProduit":20864,"iIdRayon":284323,"iIdFamille":284351,"niIdSousFamille":284352,"sType":"Produit","sId":"20864","niIdPhotoEnLigne":603052,"eIncitationLot":0,"sIdUniqueRayon":"Rayon284323","iIdElementPresentation":284352,"sLibelleLigne1":"Asperge blanche","sLibelleLigne2":" 1kg           ","iQteDisponible":6,"sPrixUnitaire":"8.49 €","fAfficherPrixUnitaire":true,"nrPVBRIIDeduit":8.49,"sPrixPromo":"8.49 €","sPrixParUniteDeMesure":"8.49 € / kg","fAfficherPrixParUniteMesure":true,"nrPVMesureBRIIDeduit":8.49,"sUrlVignetteProduit":"https://fd4-photos.leclercdrive.fr/image.ashx?id=603052&use=l&cat=p&typeid=i","fEstBRIIActifEtDisponible":false,"fBriiAffichageSticker":false,"sUrlLogoBrii":"","sTexteLogoBRII":"Promotion BRII","sTexteTooltipLot":"","fEstVisiblePictoPromoTEL":false,"sCodeLotHeterogene":"","sUrlLogoTEL":"","sTexteLogoTel":"Promotion TEL","sLibellePictoAjouterProduit":"Ajouter au panier","sLibelleUrlNaviguerRayon":"Voir le rayon","iQuantitePanier":0,"rTotalAPayer":0.0,"sTotalAPayer":"0.00 €","sOrigineZoneDepeche":"*france","fVoirRayon":false,"sUrlVoirRayon":"","eDisponibilite":0,"iIdElementPresentationPrincipale":284352,"fProduitSubstitution":false,"sTexteEcoParticipationPrix":"","fAppartientAUneListe":false,"sMsgHeaderPopinAuthen":"Vous devez être identifié(e) pour ajouter le produit à vos listes.","fAfficherTexteProduitIndispo":false,"sTexteProduitIndispo":"","sTexteProduitIndispoCarte":"","fGainsBRD":false,"eTypeProduit":1,"sUrlPageProduit":"https://fd4-courses.leclercdrive.fr/magasin-127811-Bois-dArcy/fiche-produits-20864-Asperge-blanche.aspx","iQteMinPanier":0,"iQteMaxPanier":1000,"sIdUnique":"Produit20864"},"lstEnfants":[]},{"objElement":{"sNoPointLivraison":"127811","iIdProduit":4435,"iIdRayon":284323,"iIdFamille":284351,"niIdSousFamille":284352,"sType":"Produit","sId":"4435","niIdPhotoEnLigne":561726,"eIncitationLot":0,"sIdUniqueRayon":"Rayon284323","iIdElementPresentation":284352,"sLibelleLigne1":"Asperge verte","sLibelleLigne2":" 500g          ","iQteDisponible":39,"sPrixUnitaire":"3.59 €","fAfficherPrixUnitaire":true,"nrPVBRIIDeduit":3.59,"sPrixPromo":"3.59 €","sPrixParUniteDeMesure":"7.18 € / kg","fAfficherPrixParUniteMesure":true,"nrPVMesureBRIIDeduit":7.18,"sUrlVignetteProduit":"https://fd4-photos.leclercdrive.fr/image.ashx?id=561726&use=l&cat=p&typeid=i","fEstBRIIActifEtDisponible":false,"fBriiAffichageSticker":false,"sUrlLogoBrii":"","sTexteLogoBRII":"Promotion BRII","sTexteTooltipLot":"","fEstVisiblePictoPromoTEL":false,"sCodeLotHeterogene":"","sUrlLogoTEL":"","sTexteLogoTel":"Promotion TEL","sLibellePictoAjouterProduit":"Ajouter au panier","sLibelleUrlNaviguerRayon":"Voir le rayon","iQuantitePanier":0,"rTotalAPayer":0.0,"sTotalAPayer":"0.00 €","sOrigineZoneDepeche":"Espagne","fVoirRayon":false,"sUrlVoirRayon":"","eDisponibilite":0,"iIdElementPresentationPrincipale":284352,"fProduitSubstitution":false,"sTexteEcoParticipationPrix":"","fAppartientAUneListe":false,"sMsgHeaderPopinAuthen":"Vous devez être identifié(e) pour ajouter le produit à vos listes.","fAfficherTexteProduitIndispo":false,"sTexteProduitIndispo":"","sTexteProduitIndispoCarte":"","fGainsBRD":false,"eTypeProduit":1,"sUrlPageProduit":"https://fd4-courses.leclercdrive.fr/magasin-127811-Bois-dArcy/fiche-produits-4435-Asperge-verte.aspx","iQteMinPanier":0,"iQteMaxPanier":1000,"sIdUnique":"Produit4435"},"lstEnfants":[]},{"objElement":{"sNoPointLivraison":"127811","iIdProduit":4195,"iIdRayon":284323,"iIdFamille":284351,"niIdSousFamille":284352,"sType":"Produit","sId":"4195","niIdPhotoEnLigne":560859,"eIncitationLot":0,"sIdUniqueRayon":"Rayon284323","iIdElementPresentation":284352,"sLibelleLigne1":"Artichaut","sLibelleLigne2":" 1 p           ","iQteDisponible":19,"sPrixUnitaire":"2.49 €","fAfficherPrixUnitaire":true,"nrPVBRIIDeduit":2.49,"sPrixPromo":"2.49 €","fAfficherPrixParUniteMesure":false,"sUrlVignetteProduit":"https://fd4-photos.leclercdrive.fr/image.ashx?id=560859&use=l&cat=p&typeid=i","fEstBRIIActifEtDisponible":false,"fBriiAffichageSticker":false,"sUrlLogoBrii":"","sTexteLogoBRII":"Promotion BRII","sTexteTooltipLot":"","fEstVisiblePictoPromoTEL":false,"sCodeLotHeterogene":"","sUrlLogoTEL":"","sTexteLogoTel":"Promotion TEL","sLibellePictoAjouterProduit":"Ajouter au panier","sLibelleUrlNaviguerRayon":"Voir le rayon","iQuantitePanier":0,"rTotalAPayer":0.0,"sTotalAPayer":"0.00 €","sOrigineZoneDepeche":"France","fVoirRayon":false,"sUrlVoirRayon":"","eDisponibilite":0,"iIdElementPresentationPrincipale":284352,"fProduitSubstitution":false,"sTexteEcoParticipationPrix":"","fAppartientAUneListe":false,"sMsgHeaderPopinAuthen":"Vous devez être identifié(e) pour ajouter le produit à vos listes.","fAfficherTexteProduitIndispo":false,"sTexteProduitIndispo":"","sTexteProduitIndispoCarte":"","fGainsBRD":false,"eTypeProduit":1,"sUrlPageProduit":"https://fd4-courses.leclercdrive.fr/magasin-127811-Bois-dArcy/fiche-produits-4195-Artichaut.aspx","iQteMinPanier":0,"iQteMaxPanier":1000,"sIdUnique":"Produit4195"},"lstEnfants":[]},{"objElement":{"sNoPointLivraison":"127811","iIdProduit":20715,"iIdRayon":284323,"iIdFamille":284351,"niIdSousFamille":284352,"sType":"Produit","sId":"20715","niIdPhotoEnLigne":1446059,"eIncitationLot":0,"sIdUniqueRayon":"Rayon284323","iIdElementPresentation":284352,"sLibelleLigne1":"Betterave rouge Bio Village","sLibelleLigne2":"Enti&#232;res - 500g","iQteDisponible":197,"sPrixUnitaire":"0.99 €","fAfficherPrixUnitaire":true,"nrPVBRIIDeduit":0.99,"sPrixPromo":"0.99 €","sPrixParUniteDeMesure":"1.98 € / kg","fAfficherPrixParUniteMesure":true,"nrPVMesureBRIIDeduit":1.98,"sUrlVignetteProduit":"https://fd4-photos.leclercdrive.fr/image.ashx?id=1446059&use=l&cat=p&typeid=i","fEstBRIIActifEtDisponible":false,"fBriiAffichageSticker":false,"sUrlLogoBrii":"","sTexteLogoBRII":"Promotion BRII","sTexteTooltipLot":"","fEstVisiblePictoPromoTEL":false,"sCodeLotHeterogene":"","sUrlLogoTEL":"","sTexteLogoTel":"Promotion TEL","sLibellePictoAjouterProduit":"Ajouter au panier","sLibelleUrlNaviguerRayon":"Voir le rayon","iQuantitePanier":0,"rTotalAPayer":0.0,"sTotalAPayer":"0.00 €","sOrigineZoneDepeche":"","fVoirRayon":false,"sUrlVoirRayon":"","eDisponibilite":0,"iIdElementPresentationPrincipale":284352,"fProduitSubstitution":false,"sTexteEcoParticipationPrix":"","fAppartientAUneListe":false,"sMsgHeaderPopinAuthen":"Vous devez être identifié(e) pour ajouter le produit à vos listes.","fAfficherTexteProduitIndispo":false,"sTexteProduitIndispo":"","sTexteProduitIndispoCarte":"","fGainsBRD":false,"eTypeProduit":1,"sUrlPageProduit":"https://fd4-courses.leclercdrive.fr/magasin-127811-Bois-dArcy/fiche-produits-20715-Betterave-rouge-Bio-Village.aspx","iQteMinPanier":0,"iQteMaxPanier":1000,"sIdUnique":"Produit20715"},"lstEnfants":[]},{"objElement":{"sNoPointLivraison":"127811","iIdProduit":5017,"iIdRayon":284323,"iIdFamille":284351,"niIdSousFamille":284352,"sType":"Produit","sId":"5017","niIdPhotoEnLigne":1077928,"eIncitationLot":0,"sIdUniqueRayon":"Rayon284323","iIdElementPresentation":284352,"sLibelleLigne1":"Betterave rouge Notre Jardin","sLibelleLigne2":"Enti&#232;re cuite sous vide - 500g","iQteDisponible":83,"sPrixUnitaire":"1.04 €","fAfficherPrixUnitaire":true,"nrPVBRIIDeduit":1.04,"sPrixPromo":"1.04 €","sPrixParUniteDeMesure":"2.08 € / kg","fAfficherPrixParUniteMesure":true,"nrPVMesureBRIIDeduit":2.08,"sUrlVignetteProduit":"https://fd4-photos.leclercdrive.fr/image.ashx?id=1077928&use=l&cat=p&typeid=i","fEstBRIIActifEtDisponible":false,"fBriiAffichageSticker":false,"sUrlLogoBrii":"","sTexteLogoBRII":"Promotion BRII","sTexteTooltipLot":"","fEstVisiblePictoPromoTEL":false,"sCodeLotHeterogene":"","sUrlLogoTEL":"","sTexteLogoTel":"Promotion TEL","sLibellePictoAjouterProduit":"Ajouter au panier","sLibelleUrlNaviguerRayon":"Voir le rayon","iQuantitePanier":0,"rTotalAPayer":0.0,"sTotalAPayer":"0.00 €","sOrigineZoneDepeche":"&#39; :france","fVoirRayon":false,"sUrlVoirRayon":"","eDisponibilite":0,"iIdElementPresentationPrincipale":284352,"fProduitSubstitution":false,"sTexteEcoParticipationPrix":"","fAppartientAUneListe":false,"sMsgHeaderPopinAuthen":"Vous devez être identifié(e) pour ajouter le produit à vos listes.","fAfficherTexteProduitIndispo":false,"sTexteProduitIndispo":"","sTexteProduitIndispoCarte":"","fGainsBRD":false,"eTypeProduit":1,"sUrlPageProduit":"https://fd4-courses.leclercdrive.fr/magasin-127811-Bois-dArcy/fiche-produits-5017-Betterave-rouge-Notre-Jardin.aspx","iQteMinPanier":0,"iQteMaxPanier":1000,"sIdUnique":"Produit5017"},"lstEnfants":[]},{"objElement":{"sNoPointLivraison":"127811","iIdProduit":33924,"iIdRayon":284323,"iIdFamille":284351,"niIdSousFamille":284352,"sType":"Produit","sId":"33924","niIdPhotoEnLigne":1077937,"eIncitationLot":0,"sIdUniqueRayon":"Rayon284323","iIdElementPresentation":284352,"sLibelleLigne1":"Betterave Notre Jardin ","sLibelleLigne2":"250g","iQteDisponible":13,"sPrixUnitaire":"0.66 €","fAfficherPrixUnitaire":true,"nrPVBRIIDeduit":0.66,"sPrixPromo":"0.66 €","sPrixParUniteDeMesure":"2.64 € / kg","fAfficherPrixParUniteMesure":true,"nrPVMesureBRIIDeduit":2.64,"sUrlVignetteProduit":"https://fd4-photos.leclercdrive.fr/image.ashx?id=1077937&use=l&cat=p&typeid=i","fEstBRIIActifEtDisponible":false,"fBriiAffichageSticker":false,"sUrlLogoBrii":"","sTexteLogoBRII":"Promotion BRII","sTexteTooltipLot":"","fEstVisiblePictoPromoTEL":false,"sCodeLotHeterogene":"","sUrlLogoTEL":"","sTexteLogoTel":"Promotion TEL","sLibellePictoAjouterProduit":"Ajouter au panier","sLibelleUrlNaviguerRayon":"Voir le rayon","iQuantitePanier":0,"rTotalAPayer":0.0,"sTotalAPayer":"0.00 €","sOrigineZoneDepeche":"&#39;  france","fVoirRayon":false,"sUrlVoirRayon":"","eDisponibilite":0,"iIdElementPresentationPrincipale":284352,"fProduitSubstitution":false,"sTexteEcoParticipationPrix":"","fAppartientAUneListe":false,"sMsgHeaderPopinAuthen":"Vous devez être identifié(e) pour ajouter le produit à vos listes.","fAfficherTexteProduitIndispo":false,"sTexteProduitIndispo":"","sTexteProduitIndispoCarte":"","fGainsBRD":false,"eTypeProduit":1,"sUrlPageProduit":"https://fd4-courses.leclercdrive.fr/magasin-127811-Bois-dArcy/fiche-produits-33924-Betterave-Notre-Jardin-.aspx","iQteMinPanier":0,"iQteMaxPanier":1000,"sIdUnique":"Produit33924"},"lstEnfants":[]},{"objElement":{"sNoPointLivraison":"127811","iIdProduit":4622,"iIdRayon":284323,"iIdFamille":284351,"niIdSousFamille":284352,"sType":"Produit","sId":"4622","niIdPhotoEnLigne":1165481,"eIncitationLot":0,"sIdUniqueRayon":"Rayon284323","iIdElementPresentation":284352,"sLibelleLigne1":"Betterave Notre Jardin","sLibelleLigne2":"Cube - 500g","iQteDisponible":28,"sPrixUnitaire":"1.13 €","fAfficherPrixUnitaire":true,"nrPVBRIIDeduit":1.13,"sPrixPromo":"1.13 €","sPrixParUniteDeMesure":"2.26 € / kg","fAfficherPrixParUniteMesure":true,"nrPVMesureBRIIDeduit":2.26,"sUrlVignetteProduit":"https://fd4-photos.leclercdrive.fr/image.ashx?id=1165481&use=l&cat=p&typeid=i","fEstBRIIActifEtDisponible":false,"fBriiAffichageSticker":false,"sUrlLogoBrii":"","sTexteLogoBRII":"Promotion BRII","sTexteTooltipLot":"","fEstVisiblePictoPromoTEL":false,"sCodeLotHeterogene":"","sUrlLogoTEL":"","sTexteLogoTel":"Promotion TEL","sLibellePictoAjouterProduit":"Ajouter au panier","sLibelleUrlNaviguerRayon":"Voir le rayon","iQuantitePanier":0,"rTotalAPayer":0.0,"sTotalAPayer":"0.00 €","sOrigineZoneDepeche":"&#39;  france","fVoirRayon":false,"sUrlVoirRayon":"","eDisponibilite":0,"iIdElementPresentationPrincipale":284352,"fProduitSubstitution":false,"sTexteEcoParticipationPrix":"","fAppartientAUneListe":false,"sMsgHeaderPopinAuthen":"Vous devez être identifié(e) pour ajouter le produit à vos listes.","fAfficherTexteProduitIndispo":false,"sTexteProduitIndispo":"","sTexteProduitIndispoCarte":"","fGainsBRD":false,"eTypeProduit":1,"sUrlPageProduit":"https://fd4-courses.leclercdrive.fr/magasin-127811-Bois-dArcy/fiche-produits-4622-Betterave-Notre-Jardin.aspx","iQteMinPanier":0,"iQteMaxPanier":1000,"sIdUnique":"Produit4622"},"lstEnfants":[]},{"objElement":{"sNoPointLivraison":"127811","iIdProduit":2902,"iIdRayon":284323,"iIdFamille":284351,"niIdSousFamille":284352,"sType":"Produit","sId":"2902","niIdPhotoEnLigne":558013,"eIncitationLot":0,"sIdUniqueRayon":"Rayon284323","iIdElementPresentation":284352,"sLibelleLigne1":"Botte de radis","sLibelleLigne2":" 1 p           ","iQteDisponible":19,"sPrixUnitaire":"1.25 €","fAfficherPrixUnitaire":true,"nrPVBRIIDeduit":1.25,"sPrixPromo":"1.25 €","fAfficherPrixParUniteMesure":false,"sUrlVignetteProduit":"https://fd4-photos.leclercdrive.fr/image.ashx?id=558013&use=l&cat=p&typeid=i","fEstBRIIActifEtDisponible":false,"fBriiAffichageSticker":false,"sUrlLogoBrii":"","sTexteLogoBRII":"Promotion BRII","sTexteTooltipLot":"","fEstVisiblePictoPromoTEL":false,"sCodeLotHeterogene":"","sUrlLogoTEL":"","sTexteLogoTel":"Promotion TEL","sLibellePictoAjouterProduit":"Ajouter au panier","sLibelleUrlNaviguerRayon":"Voir le rayon","iQuantitePanier":0,"rTotalAPayer":0.0,"sTotalAPayer":"0.00 €","sOrigineZoneDepeche":"France","fVoirRayon":false,"sUrlVoirRayon":"","eDisponibilite":0,"iIdElementPresentationPrincipale":284352,"fProduitSubstitution":false,"sTexteEcoParticipationPrix":"","fAppartientAUneListe":false,"sMsgHeaderPopinAuthen":"Vous devez être identifié(e) pour ajouter le produit à vos listes.","fAfficherTexteProduitIndispo":false,"sTexteProduitIndispo":"","sTexteProduitIndispoCarte":"","fGainsBRD":false,"eTypeProduit":1,"sUrlPageProduit":"https://fd4-courses.leclercdrive.fr/magasin-127811-Bois-dArcy/fiche-produits-2902-Botte-de-radis.aspx","iQteMinPanier":0,"iQteMaxPanier":1000,"sIdUnique":"Produit2902"},"lstEnfants":[]},{"objElement":{"sNoPointLivraison":"127811","iIdProduit":6668,"iIdRayon":284323,"iIdFamille":284351,"niIdSousFamille":284352,"sType":"Produit","sId":"6668","niIdPhotoEnLigne":578511,"eIncitationLot":0,"sIdUniqueRayon":"Rayon284323","iIdElementPresentation":284352,"sLibelleLigne1":"Radis noir La pi&#232;ce","sLibelleLigne2":" 1 p           ","iQteDisponible":9,"sPrixUnitaire":"2.50 €","fAfficherPrixUnitaire":true,"nrPVBRIIDeduit":2.50,"sPrixPromo":"2.50 €","fAfficherPrixParUniteMesure":false,"sUrlVignetteProduit":"https://fd4-photos.leclercdrive.fr/image.ashx?id=578511&use=l&cat=p&typeid=i","fEstBRIIActifEtDisponible":false,"fBriiAffichageSticker":false,"sUrlLogoBrii":"","sTexteLogoBRII":"Promotion BRII","sTexteTooltipLot":"","fEstVisiblePictoPromoTEL":false,"sCodeLotHeterogene":"","sUrlLogoTEL":"","sTexteLogoTel":"Promotion TEL","sLibellePictoAjouterProduit":"Ajouter au panier","sLibelleUrlNaviguerRayon":"Voir le rayon","iQuantitePanier":0,"rTotalAPayer":0.0,"sTotalAPayer":"0.00 €","sOrigineZoneDepeche":"France","fVoirRayon":false,"sUrlVoirRayon":"","eDisponibilite":0,"iIdElementPresentationPrincipale":284352,"fProduitSubstitution":false,"sTexteEcoParticipationPrix":"","fAppartientAUneListe":false,"sMsgHeaderPopinAuthen":"Vous devez être identifié(e) pour ajouter le produit à vos listes.","fAfficherTexteProduitIndispo":false,"sTexteProduitIndispo":"","sTexteProduitIndispoCarte":"","fGainsBRD":false,"eTypeProduit":1,"sUrlPageProduit":"https://fd4-courses.leclercdrive.fr/magasin-127811-Bois-dArcy/fiche-produits-6668-Radis-noir-La-piece.aspx","iQteMinPanier":0,"iQteMaxPanier":1000,"sIdUnique":"Produit6668"},"lstEnfants":[]}]},"lstAssocFiltreProduit":[{"iIdBloc":1,"iIdValeur":1383,"iIdProduit":11152},{"iIdBloc":1,"iIdValeur":1383,"iIdProduit":16112},{"iIdBloc":1,"iIdValeur":1383,"iIdProduit":94794},{"iIdBloc":1,"iIdValeur":1895,"iIdProduit":4518},{"iIdBloc":1,"iIdValeur":1895,"iIdProduit":4622},{"iIdBloc":1,"iIdValeur":1895,"iIdProduit":5017},{"iIdBloc":1,"iIdValeur":1895,"iIdProduit":8497},{"iIdBloc":1,"iIdValeur":1895,"iIdProduit":8500},{"iIdBloc":1,"iIdValeur":1895,"iIdProduit":8503},{"iIdBloc":1,"iIdValeur":1895,"iIdProduit":11611},{"iIdBloc":1,"iIdValeur":1895,"iIdProduit":20546},{"iIdBloc":1,"iIdValeur":1895,"iIdProduit":20709},{"iIdBloc":1,"iIdValeur":1895,"iIdProduit":20818},{"iIdBloc":1,"iIdValeur":1895,"iIdProduit":33924},{"iIdBloc":1,"iIdValeur":1895,"iIdProduit":34670},{"iIdBloc":1,"iIdValeur":1895,"iIdProduit":34672},{"iIdBloc":1,"iIdValeur":1895,"iIdProduit":34718},{"iIdBloc":1,"iIdValeur":1895,"iIdProduit":34950},{"iIdBloc":1,"iIdValeur":1895,"iIdProduit":34991},{"iIdBloc":1,"iIdValeur":1895,"iIdProduit":40335},{"iIdBloc":1,"iIdValeur":1895,"iIdProduit":40337},{"iIdBloc":1,"iIdValeur":1895,"iIdProduit":53480},{"iIdBloc":1,"iIdValeur":5992,"iIdProduit":4518},{"iIdBloc":1,"iIdValeur":5992,"iIdProduit":4622},{"iIdBloc":1,"iIdValeur":5992,"iIdProduit":5017},{"iIdBloc":1,"iIdValeur":5992,"iIdProduit":8497},{"iIdBloc":1,"iIdValeur":5992,"iIdProduit":8500},{"iIdBloc":1,"iIdValeur":5992,"iIdProduit":8503},{"iIdBloc":1,"iIdValeur":5992,"iIdProduit":9246},{"iIdBloc":1,"iIdValeur":5992,"iIdProduit":10324},{"iIdBloc":1,"iIdValeur":5992,"iIdProduit":11152},{"iIdBloc":1,"iIdValeur":5992,"iIdProduit":11611},{"iIdBloc":1,"iIdValeur":5992,"iIdProduit":16112},{"iIdBloc":1,"iIdValeur":5992,"iIdProduit":20546},{"iIdBloc":1,"iIdValeur":5992,"iIdProduit":20709},{"iIdBloc":1,"iIdValeur":5992,"iIdProduit":20715},{"iIdBloc":1,"iIdValeur":5992,"iIdProduit":20818},{"iIdBloc":1,"iIdValeur":5992,"iIdProduit":33924},{"iIdBloc":1,"iIdValeur":5992,"iIdProduit":34670},{"iIdBloc":1,"iIdValeur":5992,"iIdProduit":34672},{"iIdBloc":1,"iIdValeur":5992,"iIdProduit":34718},{"iIdBloc":1,"iIdValeur":5992,"iIdProduit":34950},{"iIdBloc":1,"iIdValeur":5992,"iIdProduit":34991},{"iIdBloc":1,"iIdValeur":5992,"iIdProduit":40335},{"iIdBloc":1,"iIdValeur":5992,"iIdProduit":40337},{"iIdBloc":1,"iIdValeur":5992,"iIdProduit":46498},{"iIdBloc":1,"iIdValeur":5992,"iIdProduit":53480},{"iIdBloc":1,"iIdValeur":5992,"iIdProduit":71041},{"iIdBloc":1,"iIdValeur":5992,"iIdProduit":75587},{"iIdBloc":1,"iIdValeur":5992,"iIdProduit":89190},{"iIdBloc":1,"iIdValeur":5992,"iIdProduit":92529},{"iIdBloc":1,"iIdValeur":5992,"iIdProduit":92702},{"iIdBloc":1,"iIdValeur":5992,"iIdProduit":92703},{"iIdBloc":1,"iIdValeur":5992,"iIdProduit":93029},{"iIdBloc":1,"iIdValeur":5992,"iIdProduit":93042},{"iIdBloc":1,"iIdValeur":5992,"iIdProduit":94794},{"iIdBloc":1,"iIdValeur":5992,"iIdProduit":100315},{"iIdBloc":1,"iIdValeur":37735,"iIdProduit":9246},{"iIdBloc":1,"iIdValeur":37735,"iIdProduit":10324},{"iIdBloc":1,"iIdValeur":37735,"iIdProduit":20715},{"iIdBloc":1,"iIdValeur":37735,"iIdProduit":46498},{"iIdBloc":1,"iIdValeur":37735,"iIdProduit":71041},{"iIdBloc":1,"iIdValeur":37735,"iIdProduit":75587},{"iIdBloc":1,"iIdValeur":37735,"iIdProduit":89190},{"iIdBloc":1,"iIdValeur":37735,"iIdProduit":92529},{"iIdBloc":1,"iIdValeur":37735,"iIdProduit":92702},{"iIdBloc":1,"iIdValeur":37735,"iIdProduit":92703},{"iIdBloc":1,"iIdValeur":37735,"iIdProduit":93029},{"iIdBloc":1,"iIdValeur":37735,"iIdProduit":93042},{"iIdBloc":1,"iIdValeur":37735,"iIdProduit":100315},{"iIdBloc":2,"iIdValeur":1,"iIdProduit":4435},{"iIdBloc":2,"iIdValeur":1,"iIdProduit":16112},{"iIdBloc":2,"iIdValeur":3,"iIdProduit":20864},{"iIdBloc":3,"iIdValeur":1,"iIdProduit":5947},{"iIdBloc":3,"iIdValeur":1,"iIdProduit":6530},{"iIdBloc":3,"iIdValeur":1,"iIdProduit":6709},{"iIdBloc":3,"iIdValeur":1,"iIdProduit":8444},{"iIdBloc":3,"iIdValeur":1,"iIdProduit":9246},{"iIdBloc":3,"iIdValeur":1,"iIdProduit":10324},{"iIdBloc":3,"iIdValeur":1,"iIdProduit":11608},{"iIdBloc":3,"iIdValeur":1,"iIdProduit":20715},{"iIdBloc":3,"iIdValeur":1,"iIdProduit":37402},{"iIdBloc":3,"iIdValeur":1,"iIdProduit":46498},{"iIdBloc":3,"iIdValeur":1,"iIdProduit":47210},{"iIdBloc":3,"iIdValeur":1,"iIdProduit":71041},{"iIdBloc":3,"iIdValeur":1,"iIdProduit":72007},{"iIdBloc":3,"iIdValeur":1,"iIdProduit":73858},{"iIdBloc":3,"iIdValeur":1,"iIdProduit":75587},{"iIdBloc":3,"iIdValeur":1,"iIdProduit":79135},{"iIdBloc":3,"iIdValeur":1,"iIdProduit":88464},{"iIdBloc":3,"iIdValeur":1,"iIdProduit":89190},{"iIdBloc":3,"iIdValeur":1,"iIdProduit":92529},{"iIdBloc":3,"iIdValeur":1,"iIdProduit":92702},{"iIdBloc":3,"iIdValeur":1,"iIdProduit":92703},{"iIdBloc":3,"iIdValeur":1,"iIdProduit":93029},{"iIdBloc":3,"iIdValeur":1,"iIdProduit":93042},{"iIdBloc":3,"iIdValeur":1,"iIdProduit":100315}],"lstTrade":[{"objElement":{"sNoPointLivraison":"127811","sType":"Recette","sId":"4825","iIdSousFamille":284352,"sLibelleRecette":"Tarte aux poireaux","sUrlImageRecette":"https://fd4-photos.leclercdrive.fr/visueltrade.ashx?id=17572&mag=127811","sAltTexteImageRecette":"Tarte aux poireaux","sUrlFlashRecette":"","sUrlPageRecette":"https://fd4-courses.leclercdrive.fr/magasin-127811-Bois-dArcy/recette-4825.aspx","sIdUnique":"Recette4825"},"lstEnfants":[]},{"objElement":{"sNoPointLivraison":"127811","sType":"Recette","sId":"2657","iIdSousFamille":284352,"sLibelleRecette":"Souffl&#233; au fromage","sUrlImageRecette":"https://fd4-photos.leclercdrive.fr/visueltrade.ashx?id=10247&mag=127811","sAltTexteImageRecette":"Souffl&#233; au fromage","sUrlFlashRecette":"","sUrlPageRecette":"https://fd4-courses.leclercdrive.fr/magasin-127811-Bois-dArcy/recette-2657.aspx","sIdUnique":"Recette2657"},"lstEnfants":[]},{"objElement":{"sNoPointLivraison":"127811","sType":"Recette","sId":"4842","iIdSousFamille":284352,"sLibelleRecette":"Gratin de macaroni","sUrlImageRecette":"https://fd4-photos.leclercdrive.fr/visueltrade.ashx?id=17762&mag=127811","sAltTexteImageRecette":"Gratin de macaroni","sUrlFlashRecette":"","sUrlPageRecette":"https://fd4-courses.leclercdrive.fr/magasin-127811-Bois-dArcy/recette-4842.aspx","sIdUnique":"Recette4842"},"lstEnfants":[]},{"objElement":{"sNoPointLivraison":"127811","sType":"Recette","sId":"3303","iIdSousFamille":284352,"sLibelleRecette":"Beignets &#224; la tomate","sUrlImageRecette":"https://fd4-photos.leclercdrive.fr/visueltrade.ashx?id=13721&mag=127811","sAltTexteImageRecette":"Beignets &#224; la tomate","sUrlFlashRecette":"","sUrlPageRecette":"https://fd4-courses.leclercdrive.fr/magasin-127811-Bois-dArcy/recette-3303.aspx","sIdUnique":"Recette3303"},"lstEnfants":[]}],"sIdUnique":null,"objStickers":{"lstProduitsStickers":[{"sNoPointLivraison":"127811","iIdProduit":2833,"iIdSupport":4,"iIdFonctionnalite":10100,"iIdZone":10106,"iIdSticker":19,"sTypeSticker":"MOLETTE_ECHELLE"},{"sNoPointLivraison":"127811","iIdProduit":2869,"iIdSupport":4,"iIdFonctionnalite":10100,"iIdZone":10106,"iIdSticker":19,"sTypeSticker":"MOLETTE_ECHELLE"},{"sNoPointLivraison":"127811","iIdProduit":2872,"iIdSupport":4,"iIdFonctionnalite":10100,"iIdZone":10106,"iIdSticker":19,"sTypeSticker":"MOLETTE_ECHELLE"},{"sNoPointLivraison":"127811","iIdProduit":2873,"iIdSupport":4,"iIdFonctionnalite":10100,"iIdZone":10106,"iIdSticker":20,"sTypeSticker":"MOLETTE_ECHELLE"},{"sNoPointLivraison":"127811","iIdProduit":2896,"iIdSupport":4,"iIdFonctionnalite":10100,"iIdZone":10106,"iIdSticker":19,"sTypeSticker":"MOLETTE_ECHELLE"},{"sNoPointLivraison":"127811","iIdProduit":2897,"iIdSupport":4,"iIdFonctionnalite":10100,"iIdZone":10106,"iIdSticker":15,"sTypeSticker":"MOLETTE_ECHELLE"},{"sNoPointLivraison":"127811","iIdProduit":2902,"iIdSupport":4,"iIdFonctionnalite":10100,"iIdZone":10106,"iIdSticker":15,"sTypeSticker":"MOLETTE_ECHELLE"},{"sNoPointLivraison":"127811","iIdProduit":3799,"iIdSupport":4,"iIdFonctionnalite":10100,"iIdZone":10106,"iIdSticker":15,"sTypeSticker":"MOLETTE_ECHELLE"},{"sNoPointLivraison":"127811","iIdProduit":3800,"iIdSupport":4,"iIdFonctionnalite":10100,"iIdZone":10106,"iIdSticker":15,"sTypeSticker":"MOLETTE_ECHELLE"},{"sNoPointLivraison":"127811","iIdProduit":3812,"iIdSupport":4,"iIdFonctionnalite":10100,"iIdZone":10106,"iIdSticker":15,"sTypeSticker":"MOLETTE_ECHELLE"},{"sNoPointLivraison":"127811","iIdProduit":4185,"iIdSupport":4,"iIdFonctionnalite":10100,"iIdZone":10106,"iIdSticker":15,"sTypeSticker":"MOLETTE_ECHELLE"},{"sNoPointLivraison":"127811","iIdProduit":4186,"iIdSupport":4,"iIdFonctionnalite":10100,"iIdZone":10106,"iIdSticker":15,"sTypeSticker":"MOLETTE_ECHELLE"},{"sNoPointLivraison":"127811","iIdProduit":4187,"iIdSupport":4,"iIdFonctionnalite":10100,"iIdZone":10106,"iIdSticker":15,"sTypeSticker":"MOLETTE_ECHELLE"},{"sNoPointLivraison":"127811","iIdProduit":4195,"iIdSupport":4,"iIdFonctionnalite":10100,"iIdZone":10106,"iIdSticker":15,"sTypeSticker":"MOLETTE_ECHELLE"},{"sNoPointLivraison":"127811","iIdProduit":4435,"iIdSupport":4,"iIdFonctionnalite":10100,"iIdZone":10106,"iIdSticker":20,"sTypeSticker":"MOLETTE_ECHELLE"},{"sNoPointLivraison":"127811","iIdProduit":4484,"iIdSupport":4,"iIdFonctionnalite":10100,"iIdZone":10106,"iIdSticker":14,"sTypeSticker":"MOLETTE_ECHELLE"},{"sNoPointLivraison":"127811","iIdProduit":4518,"iIdSupport":4,"iIdFonctionnalite":10100,"iIdZone":10102,"iIdSticker":12,"sTypeSticker":"MARQUE"},{"sNoPointLivraison":"127811","iIdProduit":4518,"iIdSupport":4,"iIdFonctionnalite":10100,"iIdZone":10107,"iIdSticker":23,"sTypeSticker":"NUTRISCORE"},{"sNoPointLivraison":"127811","iIdProduit":4622,"iIdSupport":4,"iIdFonctionnalite":10100,"iIdZone":10102,"iIdSticker":12,"sTypeSticker":"MARQUE"},{"sNoPointLivraison":"127811","iIdProduit":4622,"iIdSupport":4,"iIdFonctionnalite":10100,"iIdZone":10106,"iIdSticker":8,"sTypeSticker":"ECHELLE"},{"sNoPointLivraison":"127811","iIdProduit":4622,"iIdSupport":4,"iIdFonctionnalite":10100,"iIdZone":10107,"iIdSticker":23,"sTypeSticker":"NUTRISCORE"},{"sNoPointLivraison":"127811","iIdProduit":4705,"iIdSupport":4,"iIdFonctionnalite":10100,"iIdZone":10106,"iIdSticker":20,"sTypeSticker":"MOLETTE_ECHELLE"},{"sNoPointLivraison":"127811","iIdProduit":5017,"iIdSupport":4,"iIdFonctionnalite":10100,"iIdZone":10102,"iIdSticker":12,"sTypeSticker":"MARQUE"},{"sNoPointLivraison":"127811","iIdProduit":5017,"iIdSupport":4,"iIdFonctionnalite":10100,"iIdZone":10106,"iIdSticker":8,"sTypeSticker":"ECHELLE"},{"sNoPointLivraison":"127811","iIdProduit":5017,"iIdSupport":4,"iIdFonctionnalite":10100,"iIdZone":10107,"iIdSticker":23,"sTypeSticker":"NUTRISCORE"},{"sNoPointLivraison":"127811","iIdProduit":5213,"iIdSupport":4,"iIdFonctionnalite":10100,"iIdZone":10106,"iIdSticker":15,"sTypeSticker":"MOLETTE_ECHELLE"},{"sNoPointLivraison":"127811","iIdProduit":5214,"iIdSupport":4,"iIdFonctionnalite":10100,"iIdZone":10106,"iIdSticker":15,"sTypeSticker":"MOLETTE_ECHELLE"},{"sNoPointLivraison":"127811","iIdProduit":5683,"iIdSupport":4,"iIdFonctionnalite":10100,"iIdZone":10106,"iIdSticker":17,"sTypeSticker":"MOLETTE_ECHELLE"},{"sNoPointLivraison":"127811","iIdProduit":5947,"iIdSupport":4,"iIdFonctionnalite":10100,"iIdZone":10102,"iIdSticker":24,"sTypeSticker":"QUALITE"},{"sNoPointLivraison":"127811","iIdProduit":5947,"iIdSupport":4,"iIdFonctionnalite":10100,"iIdZone":10106,"iIdSticker":20,"sTypeSticker":"MOLETTE_ECHELLE"},{"sNoPointLivraison":"127811","iIdProduit":6530,"iIdSupport":4,"iIdFonctionnalite":10100,"iIdZone":10102,"iIdSticker":24,"sTypeSticker":"QUALITE"},{"sNoPointLivraison":"127811","iIdProduit":6530,"iIdSupport":4,"iIdFonctionnalite":10100,"iIdZone":10106,"iIdSticker":15,"sTypeSticker":"MOLETTE_ECHELLE"},{"sNoPointLivraison":"127811","iIdProduit":6668,"iIdSupport":4,"iIdFonctionnalite":10100,"iIdZone":10106,"iIdSticker":15,"sTypeSticker":"MOLETTE_ECHELLE"},{"sNoPointLivraison":"127811","iIdProduit":6686,"iIdSupport":4,"iIdFonctionnalite":10100,"iIdZone":10106,"iIdSticker":20,"sTypeSticker":"MOLETTE_ECHELLE"},{"sNoPointLivraison":"127811","iIdProduit":6687,"iIdSupport":4,"iIdFonctionnalite":10100,"iIdZone":10106,"iIdSticker":15,"sTypeSticker":"MOLETTE_ECHELLE"},{"sNoPointLivraison":"127811","iIdProduit":6693,"iIdSupport":4,"iIdFonctionnalite":10100,"iIdZone":10106,"iIdSticker":15,"sTypeSticker":"MOLETTE_ECHELLE"},{"sNoPointLivraison":"127811","iIdProduit":6709,"iIdSupport":4,"iIdFonctionnalite":10100,"iIdZone":10102,"iIdSticker":24,"sTypeSticker":"QUALITE"},{"sNoPointLivraison":"127811","iIdProduit":6709,"iIdSupport":4,"iIdFonctionnalite":10100,"iIdZone":10106,"iIdSticker":20,"sTypeSticker":"MOLETTE_ECHELLE"},{"sNoPointLivraison":"127811","iIdProduit":7105,"iIdSupport":4,"iIdFonctionnalite":10100,"iIdZone":10106,"iIdSticker":15,"sTypeSticker":"MOLETTE_ECHELLE"},{"sNoPointLivraison":"127811","iIdProduit":8087,"iIdSupport":4,"iIdFonctionnalite":10100,"iIdZone":10106,"iIdSticker":19,"sTypeSticker":"MOLETTE_ECHELLE"},{"sNoPointLivraison":"127811","iIdProduit":8444,"iIdSupport":4,"iIdFonctionnalite":10100,"iIdZone":10102,"iIdSticker":24,"sTypeSticker":"QUALITE"},{"sNoPointLivraison":"127811","iIdProduit":8444,"iIdSupport":4,"iIdFonctionnalite":10100,"iIdZone":10106,"iIdSticker":17,"sTypeSticker":"MOLETTE_ECHELLE"},{"sNoPointLivraison":"127811","iIdProduit":8497,"iIdSupport":4,"iIdFonctionnalite":10100,"iIdZone":10102,"iIdSticker":12,"sTypeSticker":"MARQUE"},{"sNoPointLivraison":"127811","iIdProduit":8497,"iIdSupport":4,"iIdFonctionnalite":10100,"iIdZone":10106,"iIdSticker":7,"sTypeSticker":"ECHELLE"},{"sNoPointLivraison":"127811","iIdProduit":8497,"iIdSupport":4,"iIdFonctionnalite":10100,"iIdZone":10107,"iIdSticker":23,"sTypeSticker":"NUTRISCORE"},{"sNoPointLivraison":"127811","iIdProduit":8500,"iIdSupport":4,"iIdFonctionnalite":10100,"iIdZone":10102,"iIdSticker":12,"sTypeSticker":"MARQUE"},{"sNoPointLivraison":"127811","iIdProduit":8500,"iIdSupport":4,"iIdFonctionnalite":10100,"iIdZone":10106,"iIdSticker":7,"sTypeSticker":"ECHELLE"},{"sNoPointLivraison":"127811","iIdProduit":8500,"iIdSupport":4,"iIdFonctionnalite":10100,"iIdZone":10107,"iIdSticker":23,"sTypeSticker":"NUTRISCORE"},{"sNoPointLivraison":"127811","iIdProduit":8503,"iIdSupport":4,"iIdFonctionnalite":10100,"iIdZone":10102,"iIdSticker":12,"sTypeSticker":"MARQUE"},{"sNoPointLivraison":"127811","iIdProduit":8503,"iIdSupport":4,"iIdFonctionnalite":10100,"iIdZone":10106,"iIdSticker":7,"sTypeSticker":"ECHELLE"},{"sNoPointLivraison":"127811","iIdProduit":8503,"iIdSupport":4,"iIdFonctionnalite":10100,"iIdZone":10107,"iIdSticker":23,"sTypeSticker":"NUTRISCORE"},{"sNoPointLivraison":"127811","iIdProduit":8511,"iIdSupport":4,"iIdFonctionnalite":10100,"iIdZone":10106,"iIdSticker":20,"sTypeSticker":"MOLETTE_ECHELLE"},{"sNoPointLivraison":"127811","iIdProduit":9246,"iIdSupport":4,"iIdFonctionnalite":10100,"iIdZone":10102,"iIdSticker":12,"sTypeSticker":"MARQUE"},{"sNoPointLivraison":"127811","iIdProduit":9246,"iIdSupport":4,"iIdFonctionnalite":10100,"iIdZone":10102,"iIdSticker":24,"sTypeSticker":"QUALITE"},{"sNoPointLivraison":"127811","iIdProduit":10183,"iIdSupport":4,"iIdFonctionnalite":10100,"iIdZone":10106,"iIdSticker":15,"sTypeSticker":"MOLETTE_ECHELLE"},{"sNoPointLivraison":"127811","iIdProduit":10324,"iIdSupport":4,"iIdFonctionnalite":10100,"iIdZone":10102,"iIdSticker":12,"sTypeSticker":"MARQUE"},{"sNoPointLivraison":"127811","iIdProduit":10324,"iIdSupport":4,"iIdFonctionnalite":10100,"iIdZone":10102,"iIdSticker":24,"sTypeSticker":"QUALITE"},{"sNoPointLivraison":"127811","iIdProduit":10324,"iIdSupport":4,"iIdFonctionnalite":10100,"iIdZone":10103,"iIdSticker":11,"sTypeSticker":"FRAICHEUR"},{"sNoPointLivraison":"127811","iIdProduit":10324,"iIdSupport":4,"iIdFonctionnalite":10100,"iIdZone":10106,"iIdSticker":10,"sTypeSticker":"ECHELLE"},{"sNoPointLivraison":"127811","iIdProduit":11152,"iIdSupport":4,"iIdFonctionnalite":10100,"iIdZone":10102,"iIdSticker":13,"sTypeSticker":"MARQUE"},{"sNoPointLivraison":"127811","iIdProduit":11152,"iIdSupport":4,"iIdFonctionnalite":10100,"iIdZone":10106,"iIdSticker":3,"sTypeSticker":"ECHELLE"},{"sNoPointLivraison":"127811","iIdProduit":11608,"iIdSupport":4,"iIdFonctionnalite":10100,"iIdZone":10102,"iIdSticker":24,"sTypeSticker":"QUALITE"},{"sNoPointLivraison":"127811","iIdProduit":11608,"iIdSupport":4,"iIdFonctionnalite":10100,"iIdZone":10106,"iIdSticker":20,"sTypeSticker":"MOLETTE_ECHELLE"},{"sNoPointLivraison":"127811","iIdProduit":11611,"iIdSupport":4,"iIdFonctionnalite":10100,"iIdZone":10102,"iIdSticker":12,"sTypeSticker":"MARQUE"},{"sNoPointLivraison":"127811","iIdProduit":16112,"iIdSupport":4,"iIdFonctionnalite":10100,"iIdZone":10102,"iIdSticker":13,"sTypeSticker":"MARQUE"},{"sNoPointLivraison":"127811","iIdProduit":16112,"iIdSupport":4,"iIdFonctionnalite":10100,"iIdZone":10103,"iIdSticker":11,"sTypeSticker":"FRAICHEUR"},{"sNoPointLivraison":"127811","iIdProduit":18665,"iIdSupport":4,"iIdFonctionnalite":10100,"iIdZone":10106,"iIdSticker":2,"sTypeSticker":"ECHELLE"},{"sNoPointLivraison":"127811","iIdProduit":20546,"iIdSupport":4,"iIdFonctionnalite":10100,"iIdZone":10102,"iIdSticker":12,"sTypeSticker":"MARQUE"},{"sNoPointLivraison":"127811","iIdProduit":20546,"iIdSupport":4,"iIdFonctionnalite":10100,"iIdZone":10106,"iIdSticker":8,"sTypeSticker":"ECHELLE"},{"sNoPointLivraison":"127811","iIdProduit":20709,"iIdSupport":4,"iIdFonctionnalite":10100,"iIdZone":10102,"iIdSticker":12,"sTypeSticker":"MARQUE"},{"sNoPointLivraison":"127811","iIdProduit":20709,"iIdSupport":4,"iIdFonctionnalite":10100,"iIdZone":10106,"iIdSticker":6,"sTypeSticker":"ECHELLE"},{"sNoPointLivraison":"127811","iIdProduit":20709,"iIdSupport":4,"iIdFonctionnalite":10100,"iIdZone":10107,"iIdSticker":23,"sTypeSticker":"NUTRISCORE"},{"sNoPointLivraison":"127811","iIdProduit":20715,"iIdSupport":4,"iIdFonctionnalite":10100,"iIdZone":10102,"iIdSticker":12,"sTypeSticker":"MARQUE"},{"sNoPointLivraison":"127811","iIdProduit":20715,"iIdSupport":4,"iIdFonctionnalite":10100,"iIdZone":10102,"iIdSticker":24,"sTypeSticker":"QUALITE"},{"sNoPointLivraison":"127811","iIdProduit":20715,"iIdSupport":4,"iIdFonctionnalite":10100,"iIdZone":10106,"iIdSticker":8,"sTypeSticker":"ECHELLE"},{"sNoPointLivraison":"127811","iIdProduit":20715,"iIdSupport":4,"iIdFonctionnalite":10100,"iIdZone":10107,"iIdSticker":23,"sTypeSticker":"NUTRISCORE"},{"sNoPointLivraison":"127811","iIdProduit":20818,"iIdSupport":4,"iIdFonctionnalite":10100,"iIdZone":10102,"iIdSticker":12,"sTypeSticker":"MARQUE"},{"sNoPointLivraison":"127811","iIdProduit":20864,"iIdSupport":4,"iIdFonctionnalite":10100,"iIdZone":10101,"iIdSticker":1,"sTypeSticker":"NOUVEAUTE"},{"sNoPointLivraison":"127811","iIdProduit":20864,"iIdSupport":4,"iIdFonctionnalite":10100,"iIdZone":10106,"iIdSticker":19,"sTypeSticker":"MOLETTE_ECHELLE"},{"sNoPointLivraison":"127811","iIdProduit":22838,"iIdSupport":4,"iIdFonctionnalite":10100,"iIdZone":10106,"iIdSticker":15,"sTypeSticker":"MOLETTE_ECHELLE"},{"sNoPointLivraison":"127811","iIdProduit":26639,"iIdSupport":4,"iIdFonctionnalite":10100,"iIdZone":10106,"iIdSticker":15,"sTypeSticker":"MOLETTE_ECHELLE"},{"sNoPointLivraison":"127811","iIdProduit":26640,"iIdSupport":4,"iIdFonctionnalite":10100,"iIdZone":10106,"iIdSticker":15,"sTypeSticker":"MOLETTE_ECHELLE"},{"sNoPointLivraison":"127811","iIdProduit":26641,"iIdSupport":4,"iIdFonctionnalite":10100,"iIdZone":10106,"iIdSticker":15,"sTypeSticker":"MOLETTE_ECHELLE"},{"sNoPointLivraison":"127811","iIdProduit":27271,"iIdSupport":4,"iIdFonctionnalite":10100,"iIdZone":10106,"iIdSticker":15,"sTypeSticker":"MOLETTE_ECHELLE"},{"sNoPointLivraison":"127811","iIdProduit":27276,"iIdSupport":4,"iIdFonctionnalite":10100,"iIdZone":10106,"iIdSticker":15,"sTypeSticker":"MOLETTE_ECHELLE"},{"sNoPointLivraison":"127811","iIdProduit":27284,"iIdSupport":4,"iIdFonctionnalite":10100,"iIdZone":10106,"iIdSticker":17,"sTypeSticker":"MOLETTE_ECHELLE"},{"sNoPointLivraison":"127811","iIdProduit":27311,"iIdSupport":4,"iIdFonctionnalite":10100,"iIdZone":10106,"iIdSticker":15,"sTypeSticker":"MOLETTE_ECHELLE"},{"sNoPointLivraison":"127811","iIdProduit":27311,"iIdSupport":4,"iIdFonctionnalite":10100,"iIdZone":10108,"iIdSticker":22,"sTypeSticker":"MOLETTE_LOT"},{"sNoPointLivraison":"127811","iIdProduit":27323,"iIdSupport":4,"iIdFonctionnalite":10100,"iIdZone":10106,"iIdSticker":20,"sTypeSticker":"MOLETTE_ECHELLE"},{"sNoPointLivraison":"127811","iIdProduit":28942,"iIdSupport":4,"iIdFonctionnalite":10100,"iIdZone":10106,"iIdSticker":19,"sTypeSticker":"MOLETTE_ECHELLE"},{"sNoPointLivraison":"127811","iIdProduit":29122,"iIdSupport":4,"iIdFonctionnalite":10100,"iIdZone":10106,"iIdSticker":15,"sTypeSticker":"MOLETTE_ECHELLE"},{"sNoPointLivraison":"127811","iIdProduit":32226,"iIdSupport":4,"iIdFonctionnalite":10100,"iIdZone":10106,"iIdSticker":19,"sTypeSticker":"MOLETTE_ECHELLE"},{"sNoPointLivraison":"127811","iIdProduit":32663,"iIdSupport":4,"iIdFonctionnalite":10100,"iIdZone":10106,"iIdSticker":21,"sTypeSticker":"MOLETTE_ECHELLE"},{"sNoPointLivraison":"127811","iIdProduit":32814,"iIdSupport":4,"iIdFonctionnalite":10100,"iIdZone":10106,"iIdSticker":15,"sTypeSticker":"MOLETTE_ECHELLE"},{"sNoPointLivraison":"127811","iIdProduit":32976,"iIdSupport":4,"iIdFonctionnalite":10100,"iIdZone":10106,"iIdSticker":16,"sTypeSticker":"MOLETTE_ECHELLE"},{"sNoPointLivraison":"127811","iIdProduit":33924,"iIdSupport":4,"iIdFonctionnalite":10100,"iIdZone":10102,"iIdSticker":12,"sTypeSticker":"MARQUE"},{"sNoPointLivraison":"127811","iIdProduit":33924,"iIdSupport":4,"iIdFonctionnalite":10100,"iIdZone":10106,"iIdSticker":9,"sTypeSticker":"ECHELLE"},{"sNoPointLivraison":"127811","iIdProduit":33924,"iIdSupport":4,"iIdFonctionnalite":10100,"iIdZone":10107,"iIdSticker":23,"sTypeSticker":"NUTRISCORE"},{"sNoPointLivraison":"127811","iIdProduit":34071,"iIdSupport":4,"iIdFonctionnalite":10100,"iIdZone":10106,"iIdSticker":19,"sTypeSticker":"MOLETTE_ECHELLE"},{"sNoPointLivraison":"127811","iIdProduit":34670,"iIdSupport":4,"iIdFonctionnalite":10100,"iIdZone":10102,"iIdSticker":12,"sTypeSticker":"MARQUE"},{"sNoPointLivraison":"127811","iIdProduit":34672,"iIdSupport":4,"iIdFonctionnalite":10100,"iIdZone":10102,"iIdSticker":12,"sTypeSticker":"MARQUE"},{"sNoPointLivraison":"127811","iIdProduit":34718,"iIdSupport":4,"iIdFonctionnalite":10100,"iIdZone":10102,"iIdSticker":12,"sTypeSticker":"MARQUE"},{"sNoPointLivraison":"127811","iIdProduit":34718,"iIdSupport":4,"iIdFonctionnalite":10100,"iIdZone":10103,"iIdSticker":11,"sTypeSticker":"FRAICHEUR"},{"sNoPointLivraison":"127811","iIdProduit":34950,"iIdSupport":4,"iIdFonctionnalite":10100,"iIdZone":10102,"iIdSticker":12,"sTypeSticker":"MARQUE"},{"sNoPointLivraison":"127811","iIdProduit":34950,"iIdSupport":4,"iIdFonctionnalite":10100,"iIdZone":10106,"iIdSticker":3,"sTypeSticker":"ECHELLE"},{"sNoPointLivraison":"127811","iIdProduit":34991,"iIdSupport":4,"iIdFonctionnalite":10100,"iIdZone":10102,"iIdSticker":12,"sTypeSticker":"MARQUE"},{"sNoPointLivraison":"127811","iIdProduit":35713,"iIdSupport":4,"iIdFonctionnalite":10100,"iIdZone":10106,"iIdSticker":20,"sTypeSticker":"MOLETTE_ECHELLE"},{"sNoPointLivraison":"127811","iIdProduit":35827,"iIdSupport":4,"iIdFonctionnalite":10100,"iIdZone":10106,"iIdSticker":18,"sTypeSticker":"MOLETTE_ECHELLE"},{"sNoPointLivraison":"127811","iIdProduit":37364,"iIdSupport":4,"iIdFonctionnalite":10100,"iIdZone":10106,"iIdSticker":5,"sTypeSticker":"ECHELLE"},{"sNoPointLivraison":"127811","iIdProduit":37402,"iIdSupport":4,"iIdFonctionnalite":10100,"iIdZone":10102,"iIdSticker":24,"sTypeSticker":"QUALITE"},{"sNoPointLivraison":"127811","iIdProduit":37402,"iIdSupport":4,"iIdFonctionnalite":10100,"iIdZone":10106,"iIdSticker":19,"sTypeSticker":"MOLETTE_ECHELLE"},{"sNoPointLivraison":"127811","iIdProduit":37546,"iIdSupport":4,"iIdFonctionnalite":10100,"iIdZone":10106,"iIdSticker":19,"sTypeSticker":"MOLETTE_ECHELLE"},{"sNoPointLivraison":"127811","iIdProduit":40335,"iIdSupport":4,"iIdFonctionnalite":10100,"iIdZone":10102,"iIdSticker":12,"sTypeSticker":"MARQUE"},{"sNoPointLivraison":"127811","iIdProduit":40337,"iIdSupport":4,"iIdFonctionnalite":10100,"iIdZone":10102,"iIdSticker":12,"sTypeSticker":"MARQUE"},{"sNoPointLivraison":"127811","iIdProduit":46498,"iIdSupport":4,"iIdFonctionnalite":10100,"iIdZone":10102,"iIdSticker":12,"sTypeSticker":"MARQUE"},{"sNoPointLivraison":"127811","iIdProduit":46498,"iIdSupport":4,"iIdFonctionnalite":10100,"iIdZone":10102,"iIdSticker":24,"sTypeSticker":"QUALITE"},{"sNoPointLivraison":"127811","iIdProduit":46498,"iIdSupport":4,"iIdFonctionnalite":10100,"iIdZone":10103,"iIdSticker":11,"sTypeSticker":"FRAICHEUR"},{"sNoPointLivraison":"127811","iIdProduit":46498,"iIdSupport":4,"iIdFonctionnalite":10100,"iIdZone":10106,"iIdSticker":10,"sTypeSticker":"ECHELLE"},{"sNoPointLivraison":"127811","iIdProduit":47210,"iIdSupport":4,"iIdFonctionnalite":10100,"iIdZone":10102,"iIdSticker":24,"sTypeSticker":"QUALITE"},{"sNoPointLivraison":"127811","iIdProduit":53480,"iIdSupport":4,"iIdFonctionnalite":10100,"iIdZone":10102,"iIdSticker":12,"sTypeSticker":"MARQUE"},{"sNoPointLivraison":"127811","iIdProduit":53480,"iIdSupport":4,"iIdFonctionnalite":10100,"iIdZone":10103,"iIdSticker":11,"sTypeSticker":"FRAICHEUR"},{"sNoPointLivraison":"127811","iIdProduit":57060,"iIdSupport":4,"iIdFonctionnalite":10100,"iIdZone":10106,"iIdSticker":8,"sTypeSticker":"ECHELLE"},{"sNoPointLivraison":"127811","iIdProduit":59835,"iIdSupport":4,"iIdFonctionnalite":10100,"iIdZone":10106,"iIdSticker":17,"sTypeSticker":"MOLETTE_ECHELLE"},{"sNoPointLivraison":"127811","iIdProduit":71041,"iIdSupport":4,"iIdFonctionnalite":10100,"iIdZone":10102,"iIdSticker":12,"sTypeSticker":"MARQUE"},{"sNoPointLivraison":"127811","iIdProduit":71041,"iIdSupport":4,"iIdFonctionnalite":10100,"iIdZone":10102,"iIdSticker":24,"sTypeSticker":"QUALITE"},{"sNoPointLivraison":"127811","iIdProduit":71041,"iIdSupport":4,"iIdFonctionnalite":10100,"iIdZone":10106,"iIdSticker":9,"sTypeSticker":"ECHELLE"},{"sNoPointLivraison":"127811","iIdProduit":72007,"iIdSupport":4,"iIdFonctionnalite":10100,"iIdZone":10102,"iIdSticker":24,"sTypeSticker":"QUALITE"},{"sNoPointLivraison":"127811","iIdProduit":73858,"iIdSupport":4,"iIdFonctionnalite":10100,"iIdZone":10102,"iIdSticker":24,"sTypeSticker":"QUALITE"},{"sNoPointLivraison":"127811","iIdProduit":73858,"iIdSupport":4,"iIdFonctionnalite":10100,"iIdZone":10106,"iIdSticker":17,"sTypeSticker":"MOLETTE_ECHELLE"},{"sNoPointLivraison":"127811","iIdProduit":75587,"iIdSupport":4,"iIdFonctionnalite":10100,"iIdZone":10102,"iIdSticker":12,"sTypeSticker":"MARQUE"},{"sNoPointLivraison":"127811","iIdProduit":75587,"iIdSupport":4,"iIdFonctionnalite":10100,"iIdZone":10102,"iIdSticker":24,"sTypeSticker":"QUALITE"},{"sNoPointLivraison":"127811","iIdProduit":75587,"iIdSupport":4,"iIdFonctionnalite":10100,"iIdZone":10103,"iIdSticker":11,"sTypeSticker":"FRAICHEUR"},{"sNoPointLivraison":"127811","iIdProduit":75587,"iIdSupport":4,"iIdFonctionnalite":10100,"iIdZone":10106,"iIdSticker":3,"sTypeSticker":"ECHELLE"},{"sNoPointLivraison":"127811","iIdProduit":79135,"iIdSupport":4,"iIdFonctionnalite":10100,"iIdZone":10102,"iIdSticker":24,"sTypeSticker":"QUALITE"},{"sNoPointLivraison":"127811","iIdProduit":88464,"iIdSupport":4,"iIdFonctionnalite":10100,"iIdZone":10102,"iIdSticker":24,"sTypeSticker":"QUALITE"},{"sNoPointLivraison":"127811","iIdProduit":88464,"iIdSupport":4,"iIdFonctionnalite":10100,"iIdZone":10106,"iIdSticker":15,"sTypeSticker":"MOLETTE_ECHELLE"},{"sNoPointLivraison":"127811","iIdProduit":89190,"iIdSupport":4,"iIdFonctionnalite":10100,"iIdZone":10102,"iIdSticker":12,"sTypeSticker":"MARQUE"},{"sNoPointLivraison":"127811","iIdProduit":89190,"iIdSupport":4,"iIdFonctionnalite":10100,"iIdZone":10102,"iIdSticker":24,"sTypeSticker":"QUALITE"},{"sNoPointLivraison":"127811","iIdProduit":89190,"iIdSupport":4,"iIdFonctionnalite":10100,"iIdZone":10103,"iIdSticker":11,"sTypeSticker":"FRAICHEUR"},{"sNoPointLivraison":"127811","iIdProduit":89190,"iIdSupport":4,"iIdFonctionnalite":10100,"iIdZone":10106,"iIdSticker":3,"sTypeSticker":"ECHELLE"},{"sNoPointLivraison":"127811","iIdProduit":92529,"iIdSupport":4,"iIdFonctionnalite":10100,"iIdZone":10102,"iIdSticker":12,"sTypeSticker":"MARQUE"},{"sNoPointLivraison":"127811","iIdProduit":92529,"iIdSupport":4,"iIdFonctionnalite":10100,"iIdZone":10102,"iIdSticker":24,"sTypeSticker":"QUALITE"},{"sNoPointLivraison":"127811","iIdProduit":92702,"iIdSupport":4,"iIdFonctionnalite":10100,"iIdZone":10102,"iIdSticker":12,"sTypeSticker":"MARQUE"},{"sNoPointLivraison":"127811","iIdProduit":92702,"iIdSupport":4,"iIdFonctionnalite":10100,"iIdZone":10102,"iIdSticker":24,"sTypeSticker":"QUALITE"},{"sNoPointLivraison":"127811","iIdProduit":92703,"iIdSupport":4,"iIdFonctionnalite":10100,"iIdZone":10102,"iIdSticker":12,"sTypeSticker":"MARQUE"},{"sNoPointLivraison":"127811","iIdProduit":92703,"iIdSupport":4,"iIdFonctionnalite":10100,"iIdZone":10102,"iIdSticker":24,"sTypeSticker":"QUALITE"},{"sNoPointLivraison":"127811","iIdProduit":93029,"iIdSupport":4,"iIdFonctionnalite":10100,"iIdZone":10102,"iIdSticker":12,"sTypeSticker":"MARQUE"},{"sNoPointLivraison":"127811","iIdProduit":93029,"iIdSupport":4,"iIdFonctionnalite":10100,"iIdZone":10102,"iIdSticker":24,"sTypeSticker":"QUALITE"},{"sNoPointLivraison":"127811","iIdProduit":93042,"iIdSupport":4,"iIdFonctionnalite":10100,"iIdZone":10102,"iIdSticker":24,"sTypeSticker":"QUALITE"},{"sNoPointLivraison":"127811","iIdProduit":94794,"iIdSupport":4,"iIdFonctionnalite":10100,"iIdZone":10102,"iIdSticker":13,"sTypeSticker":"MARQUE"},{"sNoPointLivraison":"127811","iIdProduit":94794,"iIdSupport":4,"iIdFonctionnalite":10100,"iIdZone":10106,"iIdSticker":3,"sTypeSticker":"ECHELLE"},{"sNoPointLivraison":"127811","iIdProduit":100315,"iIdSupport":4,"iIdFonctionnalite":10100,"iIdZone":10102,"iIdSticker":24,"sTypeSticker":"QUALITE"},{"sNoPointLivraison":"127811","iIdProduit":100315,"iIdSupport":4,"iIdFonctionnalite":10100,"iIdZone":10106,"iIdSticker":4,"sTypeSticker":"ECHELLE"}],"lstStickers":[{"sUrlCheminComplet":"https://fd4-photos.leclercdrive.fr/logohandler.ashx?logol=10007","iIdSticker":1,"sTypeSticker":"NOUVEAUTE","niNoVue":3301,"sUrlCheminFinal":"logohandler.ashx?logol=10007","sTexteAlternatif":""},{"sUrlCheminComplet":"https://fd4-photos.leclercdrive.fr/VisuelEchelle.ashx?Id=649&mindim=*MINDIM*","iIdSticker":2,"sTypeSticker":"ECHELLE","niNoVue":3301,"sUrlCheminFinal":"VisuelEchelle.ashx?Id=649&mindim=*MINDIM*","sTexteAlternatif":""},{"sUrlCheminComplet":"https://fd4-photos.leclercdrive.fr/VisuelEchelle.ashx?Id=645&mindim=*MINDIM*","iIdSticker":3,"sTypeSticker":"ECHELLE","niNoVue":3301,"sUrlCheminFinal":"VisuelEchelle.ashx?Id=645&mindim=*MINDIM*","sTexteAlternatif":""},{"sUrlCheminComplet":"https://fd4-photos.leclercdrive.fr/VisuelEchelle.ashx?Id=662&mindim=*MINDIM*","iIdSticker":4,"sTypeSticker":"ECHELLE","niNoVue":3301,"sUrlCheminFinal":"VisuelEchelle.ashx?Id=662&mindim=*MINDIM*","sTexteAlternatif":""},{"sUrlCheminComplet":"https://fd4-photos.leclercdrive.fr/VisuelEchelle.ashx?Id=665&mindim=*MINDIM*","iIdSticker":5,"sTypeSticker":"ECHELLE","niNoVue":3301,"sUrlCheminFinal":"VisuelEchelle.ashx?Id=665&mindim=*MINDIM*","sTexteAlternatif":""},{"sUrlCheminComplet":"https://fd4-photos.leclercdrive.fr/VisuelEchelle.ashx?Id=653&mindim=*MINDIM*","iIdSticker":6,"sTypeSticker":"ECHELLE","niNoVue":3301,"sUrlCheminFinal":"VisuelEchelle.ashx?Id=653&mindim=*MINDIM*","sTexteAlternatif":""},{"sUrlCheminComplet":"https://fd4-photos.leclercdrive.fr/VisuelEchelle.ashx?Id=660&mindim=*MINDIM*","iIdSticker":7,"sTypeSticker":"ECHELLE","niNoVue":3301,"sUrlCheminFinal":"VisuelEchelle.ashx?Id=660&mindim=*MINDIM*","sTexteAlternatif":""},{"sUrlCheminComplet":"https://fd4-photos.leclercdrive.fr/VisuelEchelle.ashx?Id=644&mindim=*MINDIM*","iIdSticker":8,"sTypeSticker":"ECHELLE","niNoVue":3301,"sUrlCheminFinal":"VisuelEchelle.ashx?Id=644&mindim=*MINDIM*","sTexteAlternatif":""},{"sUrlCheminComplet":"https://fd4-photos.leclercdrive.fr/VisuelEchelle.ashx?Id=646&mindim=*MINDIM*","iIdSticker":9,"sTypeSticker":"ECHELLE","niNoVue":3301,"sUrlCheminFinal":"VisuelEchelle.ashx?Id=646&mindim=*MINDIM*","sTexteAlternatif":""},{"sUrlCheminComplet":"https://fd4-photos.leclercdrive.fr/VisuelEchelle.ashx?Id=672&mindim=*MINDIM*","iIdSticker":10,"sTypeSticker":"ECHELLE","niNoVue":3301,"sUrlCheminFinal":"VisuelEchelle.ashx?Id=672&mindim=*MINDIM*","sTexteAlternatif":""},{"sUrlCheminComplet":"https://fd4-photos.leclercdrive.fr/logohandler.ashx?logo=100&mindim=*MINDIM*","iIdSticker":11,"sTypeSticker":"FRAICHEUR","niNoVue":3301,"sUrlCheminFinal":"logohandler.ashx?logo=100&mindim=*MINDIM*","sTexteAlternatif":"Fra&#238;cheur"},{"sUrlCheminComplet":"https://fd4-photos.leclercdrive.fr/logohandler.ashx?logo=1&mindim=*MINDIM*","iIdSticker":12,"sTypeSticker":"MARQUE","niNoVue":3301,"sUrlCheminFinal":"logohandler.ashx?logo=1&mindim=*MINDIM*","sTexteAlternatif":"Marque rep&#232;re"},{"sUrlCheminComplet":"https://fd4-photos.leclercdrive.fr/logohandler.ashx?logo=3&mindim=*MINDIM*","iIdSticker":13,"sTypeSticker":"MARQUE","niNoVue":3301,"sUrlCheminFinal":"logohandler.ashx?logo=3&mindim=*MINDIM*","sTexteAlternatif":"Nos r&#233;gions ont du talent"},{"sUrlCheminComplet":"https://fd4-photos.leclercdrive.fr/VisuelEchelle.ashx?type=2&val=3.000&unit=p&mindim=*MINDIM*","iIdSticker":14,"sTypeSticker":"MOLETTE_ECHELLE","niNoVue":3301,"sUrlCheminFinal":"VisuelEchelle.ashx?type=2&val=3.000&unit=p&mindim=*MINDIM*","sTexteAlternatif":"Molette echelle"},{"sUrlCheminComplet":"https://fd4-photos.leclercdrive.fr/VisuelEchelle.ashx?type=2&val=1.000&unit=p&mindim=*MINDIM*","iIdSticker":15,"sTypeSticker":"MOLETTE_ECHELLE","niNoVue":3301,"sUrlCheminFinal":"VisuelEchelle.ashx?type=2&val=1.000&unit=p&mindim=*MINDIM*","sTexteAlternatif":"Molette echelle"},{"sUrlCheminComplet":"https://fd4-photos.leclercdrive.fr/VisuelEchelle.ashx?type=2&val=5.000&unit=kg&mindim=*MINDIM*","iIdSticker":16,"sTypeSticker":"MOLETTE_ECHELLE","niNoVue":3301,"sUrlCheminFinal":"VisuelEchelle.ashx?type=2&val=5.000&unit=kg&mindim=*MINDIM*","sTexteAlternatif":"Molette echelle"},{"sUrlCheminComplet":"https://fd4-photos.leclercdrive.fr/VisuelEchelle.ashx?type=2&val=250.000&unit=g&mindim=*MINDIM*","iIdSticker":17,"sTypeSticker":"MOLETTE_ECHELLE","niNoVue":3301,"sUrlCheminFinal":"VisuelEchelle.ashx?type=2&val=250.000&unit=g&mindim=*MINDIM*","sTexteAlternatif":"Molette echelle"},{"sUrlCheminComplet":"https://fd4-photos.leclercdrive.fr/VisuelEchelle.ashx?type=2&val=350.000&unit=g&mindim=*MINDIM*","iIdSticker":18,"sTypeSticker":"MOLETTE_ECHELLE","niNoVue":3301,"sUrlCheminFinal":"VisuelEchelle.ashx?type=2&val=350.000&unit=g&mindim=*MINDIM*","sTexteAlternatif":"Molette echelle"},{"sUrlCheminComplet":"https://fd4-photos.leclercdrive.fr/VisuelEchelle.ashx?type=2&val=1.000&unit=kg&mindim=*MINDIM*","iIdSticker":19,"sTypeSticker":"MOLETTE_ECHELLE","niNoVue":3301,"sUrlCheminFinal":"VisuelEchelle.ashx?type=2&val=1.000&unit=kg&mindim=*MINDIM*","sTexteAlternatif":"Molette echelle"},{"sUrlCheminComplet":"https://fd4-photos.leclercdrive.fr/VisuelEchelle.ashx?type=2&val=500.000&unit=g&mindim=*MINDIM*","iIdSticker":20,"sTypeSticker":"MOLETTE_ECHELLE","niNoVue":3301,"sUrlCheminFinal":"VisuelEchelle.ashx?type=2&val=500.000&unit=g&mindim=*MINDIM*","sTexteAlternatif":"Molette echelle"},{"sUrlCheminComplet":"https://fd4-photos.leclercdrive.fr/VisuelEchelle.ashx?type=2&val=4.000&unit=p&mindim=*MINDIM*","iIdSticker":21,"sTypeSticker":"MOLETTE_ECHELLE","niNoVue":3301,"sUrlCheminFinal":"VisuelEchelle.ashx?type=2&val=4.000&unit=p&mindim=*MINDIM*","sTexteAlternatif":"Molette echelle"},{"sUrlCheminComplet":"https://fd4-photos.leclercdrive.fr/VisuelEchelle.ashx?type=1&val=2&mindim=*MINDIM*","iIdSticker":22,"sTypeSticker":"MOLETTE_LOT","niNoVue":3301,"sUrlCheminFinal":"VisuelEchelle.ashx?type=1&val=2&mindim=*MINDIM*","sTexteAlternatif":"Molette lot"},{"sUrlAideEnLigne":"javascript:void(window.open(encodeURI('https://mgt.leclercdrive.fr/drive/legal/magasin-127811-Bois-dArcy/aide-en-ligne.aspx?sSelfService=29&iIdMarque=1'), '', 'width=870,height=750,toolbars=no,scrollbars=yes,status=no,resizable=yes'));","sUrlCheminComplet":"https://fd4-photos.leclercdrive.fr/image.ashx?id=1237706&use=nsc&cat=p&typeid=i&mindim=*MINDIM*","iIdSticker":23,"sTypeSticker":"NUTRISCORE","niNoVue":3301,"sUrlCheminFinal":"image.ashx?id=1237706&use=nsc&cat=p&typeid=i&mindim=*MINDIM*","sTexteAlternatif":"Nutri Score","sTooltipLibelle1":"E.Leclerc adopte NUTRI-SCORE, votre repère nutritionnel pour mieux consommer"},{"sUrlCheminComplet":"https://fd4-photos.leclercdrive.fr/logohandler.ashx?logo=10&mindim=*MINDIM*&rat=88","iIdSticker":24,"sTypeSticker":"QUALITE","niNoVue":3301,"sUrlCheminFinal":"logohandler.ashx?logo=10&mindim=*MINDIM*&rat=88","sTexteAlternatif":"Fili&#232;re qualit&#233;"}]},"objProvenanceArticle":{"eOrigine":4,"eTypePage":2,"niIdElement":284352,"eVue":0,"sInformationsComplementaires":"uni-2"}});Utilitaires.widget.initOptions('ctl00_ctl00_mainMutiUnivers_main_ctl06_pnlPopinRecette',{"sNoPointLivraison":"127811","objProvenanceArticlePopinProduitIngredient":{"eOrigine":4,"eTypePage":2,"niIdElement":284352,"sTexteRecherche":"","eVue":9,"sInformationsComplementaires":"uni-2"},"sUrlPageRecette":"https://fd4-courses.leclercdrive.fr/magasin-127811-bois-darcy/recette-iIdRecette.aspx","tConfigurationAjax":{"AjouterRecette":{"type":5,"method":"POST","url":"https://fd4-courses.leclercdrive.fr/magasin-127811/panier-recette.aspx"},"PopinRecette":{"type":5,"method":"POST","url":"https://fd4-courses.leclercdrive.fr/magasin-127811/popin-recette.aspx"}}});Utilitaires.widget.initOptions('ctl00_ctl00_mainMutiUnivers_main_ctl07_pnlUpsellingLotHeterogene',{"objProvenanceArticle":{"eOrigine":4,"eTypePage":2,"niIdElement":284352,"eVue":4,"sInformationsComplementaires":"uni-2"}});Utilitaires.widget.initOptions('ctl00_ctl00_ctl11_pnlWDMA005_Communiques',{"lstCommuniques":[{"fAffichageAvecCadre":false,"fAffichageVertical":false,"fAfficherEnSavoirPlus":false,"fAuthentifierClient":false,"fImageCliquable":false,"fRedirectionPopup":false,"iHauteurElement":1080,"iIdClient":0,"iIdFonctionnalite":177,"iIdCommunique":0,"iIdForme":1,"iIdZone":7,"iLargeurElement":400,"iNbPartitionMax":1,"iOrdre":1,"sCodeMagasin":"127811","sCssComm":"WDMA005_CommUnique","sLibelleFonctionnalite":"Radis + arches Fruits","sTexteSurvol":"","sUrlContenuDeploye":"","sUrlImage":"https://fd4-photos.leclercdrive.fr/visuelopc.ashx?drv=False&fon=iSaisonnalite&vi=4619&ex=JPG","sUrlRedirection":""}],"fAfficherErreurChargement":false,"fContexteHTTPS":true,"eUnivers":2,"sMsgHeaderPopinAuthentification":"Accès limité aux personnes autorisées. Veuillez vous identifier pour accéder à cette page.","sMsgErreur":"Service momentanément indisponible. <br /> Veuillez réessayer plus tard.","sEnSavoirPlus":"En savoir plus","sUrlTemplateErreur":"/_res/release/_html/tplWDMA005_Erreur.html?v=636825405180000000","sUrlTemplateHtml":"/_res/release/_html/tplWDMA002_CommHtml.html?v=636825405180000000","sUrlTemplateImage":"/_res/release/_html/tplWDMA007_CommVisuel.html?v=636825405180000000"});Utilitaires.widget.initOptions('ctl00_ctl00_ctl12_pnlWDMA005_Communiques',{"lstCommuniques":[{"fAffichageAvecCadre":false,"fAffichageVertical":false,"fAfficherEnSavoirPlus":false,"fAuthentifierClient":false,"fImageCliquable":false,"fRedirectionPopup":false,"iHauteurElement":1080,"iIdClient":0,"iIdFonctionnalite":177,"iIdCommunique":0,"iIdForme":1,"iIdZone":8,"iLargeurElement":400,"iNbPartitionMax":1,"iOrdre":1,"sCodeMagasin":"127811","sCssComm":"WDMA005_CommUnique","sLibelleFonctionnalite":"Radis + arches Fruits","sTexteSurvol":"","sUrlContenuDeploye":"","sUrlImage":"https://fd4-photos.leclercdrive.fr/visuelopc.ashx?drv=False&fon=iSaisonnalite&vi=4620&ex=JPG","sUrlRedirection":""}],"fAfficherErreurChargement":false,"fContexteHTTPS":true,"eUnivers":2,"sMsgHeaderPopinAuthentification":"Accès limité aux personnes autorisées. Veuillez vous identifier pour accéder à cette page.","sMsgErreur":"Service momentanément indisponible. <br /> Veuillez réessayer plus tard.","sEnSavoirPlus":"En savoir plus","sUrlTemplateErreur":"/_res/release/_html/tplWDMA005_Erreur.html?v=636825405180000000","sUrlTemplateHtml":"/_res/release/_html/tplWDMA002_CommHtml.html?v=636825405180000000","sUrlTemplateImage":"/_res/release/_html/tplWDMA007_CommVisuel.html?v=636825405180000000"});Utilitaires.widget.initOptions('ctl00_ctl00_ucWCSD001_BandeauMultiUnivers_ctl00_ucSauvegarderDansListes_pnlSauvegarderDansListes',{"sUrlHandlerPanierMultiDansListes":"https://fd4-courses.leclercdrive.fr/magasin-127811/panier-multi-dans-listes.aspx","icoListeSucces":"/_res/release/_img/ascWCRS341_AjoutDansListe/icoListeSucces.gif?v=636903342020000000","texteDebut":"Votre panier a bien été ajouté aux listes suivantes : ","texteFin":"Vous pouvez retrouver vos listes dans votre Compte Client."});Utilitaires.widget.initOptions('ctl00_ctl00_ucWCSD001_BandeauMultiUnivers_ctl00_EnteteCartouchePanier_pnlEnteteCartouchePanier',{"objEnteteCartouchePanier":{"lstElements":[{"objElement":{"fMasquagePanierVide":false,"fMonoUnivers":true,"fForcerAffichageCompteurTel":true,"sTotalAPayer":"0.00 €","sMontantEconomies":"0.00 €","iQuantitePanier":0,"sType":"PaniersComplets","sId":"pscs","lstPanier":[{"lstProduitsLight":[],"fEstPanierCourant":true,"fEstVide":true,"sNoPointLivraison":"127811","sType":"Panier","sId":"Panier127811","sCssUnivers":"univers-2","dModifDateHeure":"0001-01-01T00:00:00","dRechargementCompletDateHeure":"0001-01-01T00:00:00","fClientPorteur":false,"iQuantitePanier":0,"sTotalHorsReductions":"0.00 €","sTotalAPayer":"0.00 €","rGainsBrii":0.0,"rMontantEconomies":0.0,"sMontantEconomies":"0.00 €","dTotalReductionBRD":0.0,"sTotalReductionBRD":"0.00 €","rMontantTEL":0.0,"fEstDrive":true,"sGainsTel":"0.00 €","rNBrNbArticlesMarqueRepereSurPalierSuivant":0.0,"rMontantAvantageMarqueRepereSurPalierSuivant":0.0,"fDernierPalierMRAtteint":false,"sDateProchainRetraitDisponible":"Aujourd'hui à 11h00","fAfficherTexteProduitIndispo":false,"fQuantiteDisponibleDepassee":false,"sLibelleEntetePanier":"DRIVE","iNbProduitIndisponible":0,"sIdUnique":"Panier127811"}],"sIdUnique":"PaniersCompletspscs"},"lstEnfants":[{"objElement":{"lstProduitsLight":[],"fEstPanierCourant":true,"fEstVide":true,"sNoPointLivraison":"127811","sType":"Panier","sId":"Panier127811","sCssUnivers":"univers-2","dModifDateHeure":"0001-01-01T00:00:00","dRechargementCompletDateHeure":"0001-01-01T00:00:00","fClientPorteur":false,"iQuantitePanier":0,"sTotalHorsReductions":"0.00 €","sTotalAPayer":"0.00 €","rGainsBrii":0.0,"rMontantEconomies":0.0,"sMontantEconomies":"0.00 €","dTotalReductionBRD":0.0,"sTotalReductionBRD":"0.00 €","rMontantTEL":0.0,"fEstDrive":true,"sGainsTel":"0.00 €","rNBrNbArticlesMarqueRepereSurPalierSuivant":0.0,"rMontantAvantageMarqueRepereSurPalierSuivant":0.0,"fDernierPalierMRAtteint":false,"sDateProchainRetraitDisponible":"Aujourd'hui à 11h00","fAfficherTexteProduitIndispo":false,"fQuantiteDisponibleDepassee":false,"sLibelleEntetePanier":"DRIVE","iNbProduitIndisponible":0,"sIdUnique":"Panier127811"},"lstEnfants":[]}]}]},"sUrlDetailPanier":"https://fd4-courses.leclercdrive.fr/magasin-127811-Bois-dArcy/detail-panier.aspx","sTextePanierSauvegarde":"Votre panier est automatiquement <span>sauvegardé</span> si vous êtes connecté(e)"});Utilitaires.widget.initOptions('ctl00_ctl00_ucWCSD001_BandeauMultiUnivers_ctl00_pnlCartouchePanier',{"objCartouchePanier":{"lstElements":[{"objElement":{"fMasquagePanierVide":false,"fMonoUnivers":true,"fForcerAffichageCompteurTel":true,"sTotalAPayer":"0.00 €","sMontantEconomies":"0.00 €","iQuantitePanier":0,"sType":"PaniersComplets","sId":"pscs","lstPanier":[{"lstProduitsLight":[],"fEstPanierCourant":true,"fEstVide":true,"sNoPointLivraison":"127811","sType":"Panier","sId":"Panier127811","sCssUnivers":"univers-2","dModifDateHeure":"0001-01-01T00:00:00","dRechargementCompletDateHeure":"0001-01-01T00:00:00","fClientPorteur":false,"iQuantitePanier":0,"sTotalHorsReductions":"0.00 €","sTotalAPayer":"0.00 €","rGainsBrii":0.0,"rMontantEconomies":0.0,"sMontantEconomies":"0.00 €","dTotalReductionBRD":0.0,"sTotalReductionBRD":"0.00 €","rMontantTEL":0.0,"fEstDrive":true,"sGainsTel":"0.00 €","rNBrNbArticlesMarqueRepereSurPalierSuivant":0.0,"rMontantAvantageMarqueRepereSurPalierSuivant":0.0,"fDernierPalierMRAtteint":false,"sDateProchainRetraitDisponible":"Aujourd'hui à 11h00","fAfficherTexteProduitIndispo":false,"fQuantiteDisponibleDepassee":false,"sLibelleEntetePanier":"DRIVE","iNbProduitIndisponible":0,"sIdUnique":"Panier127811"}],"sIdUnique":"PaniersCompletspscs"},"lstEnfants":[{"objElement":{"lstProduitsLight":[],"fEstPanierCourant":true,"fEstVide":true,"sNoPointLivraison":"127811","sType":"Panier","sId":"Panier127811","sCssUnivers":"univers-2","dModifDateHeure":"0001-01-01T00:00:00","dRechargementCompletDateHeure":"0001-01-01T00:00:00","fClientPorteur":false,"iQuantitePanier":0,"sTotalHorsReductions":"0.00 €","sTotalAPayer":"0.00 €","rGainsBrii":0.0,"rMontantEconomies":0.0,"sMontantEconomies":"0.00 €","dTotalReductionBRD":0.0,"sTotalReductionBRD":"0.00 €","rMontantTEL":0.0,"fEstDrive":true,"sGainsTel":"0.00 €","rNBrNbArticlesMarqueRepereSurPalierSuivant":0.0,"rMontantAvantageMarqueRepereSurPalierSuivant":0.0,"fDernierPalierMRAtteint":false,"sDateProchainRetraitDisponible":"Aujourd'hui à 11h00","fAfficherTexteProduitIndispo":false,"fQuantiteDisponibleDepassee":false,"sLibelleEntetePanier":"DRIVE","iNbProduitIndisponible":0,"sIdUnique":"Panier127811"},"lstEnfants":[]}]}]},"sUrlDetailPanier":"https://fd4-courses.leclercdrive.fr/magasin-127811-Bois-dArcy/detail-panier.aspx","sUrlValidation":"https://fd4-courses.leclercdrive.fr/magasin-127811-Bois-dArcy/recap-panier.aspx","sTextePanierSauvegarde":"Votre panier est automatiquement <span>sauvegardé</span> si vous êtes connecté(e)","objProvenanceArticle":{"eOrigine":4,"eTypePage":2,"niIdElement":284352,"eVue":3,"sInformationsComplementaires":"uni-2"}});Utilitaires.widget.initOptions('ctl00_ctl00_ucWCSD001_BandeauMultiUnivers_ctl01_pnlGestionStock',{"objProduit":{"sLibelleProduit":"","sUrlProduit":""},"sNoPointLivraison":"127811"});Utilitaires.widget.initOptions('ctl00_ctl00_ucWCSD001_BandeauMultiUnivers_ctl02_pnlCalendrier',{"sNoPointLivraison":"127811","sNoPointRetrait":"","ndDateMinTousProduits":null,"ndDateMaxTousProduits":null,"eUnivers":2});Utilitaires.widget.initOptions('ctl00_ctl00_ucWCSD001_BandeauMultiUnivers_ctl03_toolpinMemo_pnlToolpinMemo',{"fvueRechercheMemo":false,"sUrlWsServeurCentral":"https://www.lmemo.fr","sUrlPageMemo":"https://fd4-courses.leclercdrive.fr/magasin-127811-Bois-dArcy/recherche-memo.aspx?elementmemo={0}&elementrecherchememo={1}","sUrlPageAccueil":"https://fd4-courses.leclercdrive.fr/magasin-127811-Bois-dArcy.aspx","fClientConnecte":false,"iAutocompletionNbCaracteres":1,"iAutocompletionDelai":100,"sUrlHandlerTokenJson":"https://fd4-courses.leclercdrive.fr/recupererjsontoken.ashz"});//]]>




